2084 3690
288 88 555 209 Antiqu'totcs
575 56 843 183 'Hebraeorum
937 120 1000 210 273

151 249 283 335 iisdem
308 254 456 344 scilicet,
481 256 612 354 quibus
635 248 930 356 Superbumernle,
945 254 1007 329 cui

153 376 316 456 quatuor
334 352 474 428 annulis
497 356 616 429 aureis
639 354 710 431 fuit
733 377 931 441 connexus.
966 354 1006 429 in

153 480 203 532 eo
226 453 500 553 resplendebant
522 455 715 530 duodecim
749 453 885 553 lapides
906 453 1007 529 mirae

153 553 416 654 magnitudinis
439 554 477 626 in
494 571 652 650 quatuor
677 548 1005 628 ordines'distribu·

154 656 215 731 tir
253 653 390 752 primus
430 651 521 726 ordo
553 653 743 740 Sardium,
775 652 1006 749 Topazium,

18 796 22 803 ·
154 753 420 850 smaragdum:
460 749 552 825 aiter
586 751 886 834 carbuncuun,
921 750 1004 846 Sap·

152 854 315 1030 [uirum
329 849 532 948 Jaipidemt
559 850 708 924 Tertius
733 851 922 949 Ligurium
945 847 1005 923 seu

10 982 24 1025 :-
188 952 404 1051 yncurium,
430 949 633 1034 Acathem,
664 948 701 1022 δι
723 946 1006 1044 Amethystuma

11 1050 20 1063 ’
130 1069 308 1151 -quartus
336 1046 635 1146 chrysolithum,
669 1046 935 1145 Onychinum,
968 1045 1007 1123 &

10 1158 12 1165 '
154 1146 325 1226 l’eriiium
352 1147 573 1221 continebat.'
643 1144 806 1221 Pretiofis
836 1142 1006 1245 his'lapi·

20 1277 34 1323 a
155 1248 263 1321 dibus
288 1247 482 1320 duodecim
507 1247 669 1321 tribuum
684 1247 845 1332 nomina,
872 1241 1008 1344 fingula

10 1354 23 1413 .“
153 1346 310 1447 lingulis,
338 1345 533 1418 secundum
560 1364 686 1419 aetates
711 1344 789 1419 suas
815 1344 1008 1419 Samarita-

153 1448 213 1521 nis
237 1444 351 1518 iiteris
376 1443 551 1539 insculpta
574 1442 798 1541 legebantur.
869 1448 922 1515 At
947 1458 1013 1515 cci-¹

10 1578 14 1589 =
153 1563 227 1647 put
251 1537 441 1615 Pontinus·
456 1541 609 1638 <tegebat
639 1542 729 1614 tiara
760 1540 819 1615 seu
852 1538 1006 1636 pileolus

153 1668 178 1719 e
192 1638 303 1740 bysso,
319 1640 497 1713 rotundus
517 1638 653 1735 absque
678 1660 802 1713 tamen
827 1638 1007 1723 acumine,

35 1778 53 1799 ·
154 1741 276 1819 aureis
301 1738 462 1837 parergis
488 1733 697 1823 distinfiius,
728 1737 832 1828 cuius
865 1756 1007 1837 partem

156 1841 378 1915 anteriorem
422 1837 593 1936 cingebat
630 1835 763 1909 lamina
792 1859 930 1922 aurea,
969 1836 1008 1911 in

155 1936 316 2015 frontem
343 1935 547 2010 Sacerdotis
574 1933 788 2034 adsurgens,
818 1935 1005 2009 exhibens-

10 2118 14 2131 ,
155 2060 231 2139 quc
255 2035 395 2109 literas:
424 2032 587 2108 Sardium
614 2030 778 2107 Domino.
835 2035 893 2109 Ne
916 2056 1007 2109 vcro

154 2134 271 2235 lapsui
293 2135 450 2208 obnoxia
477 2131 573 2208 foret
597 2133 676 2205 hac
697 2132 844 2220 lamina,
865 2133 1008 2207 duubua

155 2234 263 2309 vittis
297 2235 335 2305 in
359 2234 517 2329 occipite
543 2231 602 2306 fibi
628 2232 903 2309 occurrentibus
929 2232 1008 2307 viu·

10 2351 15 2369 '
156 2333 335 2411 debatur.

123 2504 128 2511 ·
204 2509 207 2513 ·
230 2482 357 2576 Atque
381 2476 441 2550 hic
462 2472 710 2551 restitus-erat
736 2470 864 2548 summi
886 2472 1008 2547 Sacer·

154 2577 267 2665 dotis,
289 2572 452 2677 profudio
479 2568 785 2675 splendidiffimus,
812 2595 886 2670 quo
912 2571 1028 2647 inter·

153 2687 288 2757 omnes
303 2722 316 2765 ,
362 2674 399 2749 δι
442 2676 487 2750 ab
520 2672 688 2747 omnibus
729 2669 1008 2749 discernebatur.

153 2774 246 2855 Duo
271 2792 394 2849 tamen
419 2774 615 2871 adjungere
639 2768 693 2845 fas
717 2772 786 2845 erit
811 2768 1008 2871 eJosepho

154 2871 238 2974 (f)
267 2871 422 2973 aliisque
457 2871 725 2971 scriptoribus:
765 2871 924 2971 primum
956 2866 1009 3043 {st

166 3016 169 3021 ·
984 2990 1006 3045 u

237 3090 305 3177 (f)
333 3088 537 3176 Auiiq.L.3.
563 3088 635 3171 ao
