2084 3690
232 196 499 318 Antiquimtes
521 134 788 291 lieiroeorum.
887 224 947 335 49
1021 326 1024 333 Ι

90 385 179 453 ces,
205 384 410 464 occupante
436 365 597 438 medium
625 363 747 439 iocum
775 364 949 455 Pratiide,

118 464 158 540 ui
185 464 354 563 Princeps
378 466 532 537 Senatus
555 464 757 551 dicebatur,
775 466 844 540 Vir
869 465 947 561 spe·

153 560 290 647 tiffimae
316 563 506 660 probitatis
532 587 575 636 ac
608 561 814 661 sapientiaea
839 565 950 661 hujus

91 660 191 739 latus
215 664 384 736 dextrum
412 684 455 735 ac
481 660 652 733 sinistrum
684 659 860 772 stipabant
892 666 949 760 ju·

88 763 195 841 dices
221 762 348 858 reliqui
374 760 501 834 ordine
526 758 687 834 sedentes
712 764 786 835 iuo.
813 764 948 860 Seque·

92 858 230 961 bantur
253 881 326 932 tres
350 884 370 933 a
396 857 550 943 secretis,
576 880 736 956 quorum
760 882 855 937 unus
880 852 951 939 suf·

87 958 210 1058 ,fragia
241 954 492 1052 absolventium
504 1004 518 1045 ,
555 956 646 1033 alter
681 954 950 1050 damnantium,

95 1060 229 1134 tertius
259 1076 417 1154 utraque
441 1055 646 1154 excipiebat
676 1079 719 1129 ac
743 1058 951 1155 promulga-

96 1156 173 1231 bat.
245 1155 474 1231 illustriorem
516 1152 706 1228 reddidere
752 1154 950 1231 confestum

97 1274 174 1329 tres
199 1250 256 1329 alii
282 1255 443 1329 Ordines
470 1276 618 1339 eorum,
649 1253 711 1350 qui
745 1274 870 1325 etota
890 1256 952 1351 Ju-

97 1356 196 1439 daea,
225 1355 263 1426 dc
288 1353 364 1429 aiiis
391 1353 630 1428 tribunalibus
652 1348 781 1426 deieffl
807 1350 954 1429 inferio·

95 1474 140 1527 ra
166 1454 396 1547 occupabant
421 1451 592 1539 subsellia,
619 1452 723 1524 velut
740 1450 953 1541 Candidati,

88 1550 147 1629 ..d
180 1553 274 1622 hanc
307 1552 476 1644 Judicum
505 1552 721 1646 dignitatem
758 1550 795 1623 ὃ(
819 1571 956 1625 munus

85 1671 188 1735 ,cum
212 1668 378 1744 ternpore
400 1645 609 1721 ass'umendi.

200 1814 252 1888 At
283 1808 488 1911 supremum
526 1804 683 1913 tribunal
722 1808 885 1888 omnium
918 1812 964 1909 διν

89 1933 281 2007 ¹numero,
308 1914 346 1985 ἃ
370 1910 765 2011 praeiiantiaJudicum‚
782 1912 819 1985 dt
845 1935 958 2011 nego.

105 2012 241 2087 tiorum
268 2008 504 2085 multitudine
529 2007 781 2105 ampliisrmum
797 2010 956 2086 celebra·

105 2100 352 2208 tiliimumque
375 2108 445 2183 suit
470 2102 713 2197 Coafistorium
729 2104 883 2189 Gazara,
911 2110 958 2185 de

86 2240 183 2326 'quo
210 2214 341 2314 supra,
370 2220 430 2292 ieu
454 2208 644 2316 braidam,
677 2214 789 2290 idest
819 2216 958 2292 Cathe-

105 2322 194 2406 dra,
219 2325 273 2396 uti
298 2323 417 2397 Graeci
443 2326 644 2413 vocabant,
673 2324 793 2398 Latini
823 2319 961 2397 Conci-

105 2421 224 2508 lium,
251 2420 393 2495 Hebraei
420 2422 630 2495 Sanbodrin.
682 2424 739 2496 De
766 2418 873 2514 huius
900 2444 960 2493 an·

86 2520 283 2619 ‚tiquitate
309 2542 383 2594 non
408 2520 552 2593 modice
577 2516 720 2615 variant
738 2522 960 2615 Scriptores}

85 2616 182 2705 ,Alii
216 2643 238 2691 a
271 2617 380 2691 Mofis
405 2617 517 2716 usque
541 2636 707 2716 tempore
739 2616 776 2691 in
800 2614 962 2700 deserto,

65 2738 68 2745 ’
107 2716 172 2793 alii
196 2718 234 2791 in
261 2737 357 2790 terra
382 2717 560 2792 Chanaan
596 2742 617 2791 a
647 2714 817 2814 judicum
855 2737 964 2798 arvo,

85 2808 172 2901 {alii
196 2812 381 2914 assoiyrna
407 2813 611 2916 &Templo
637 2817 799 2900 condito,
813 2812 967 2886 demum

84 2914 172 3013 ‚aiii
198 2939 218 2988 a
245 2914 392 2989 Gabino
417 2913 550 3013 Judaeae
585 2910 647 2987 iub
673 2914 846 2988 Romanis
877 2912 967 2984 Prae·

110 3010 184 3087 fide
197 3011 287 3085 iilud
306 3015 503 3087 deducunt
552 3012 782 3109 Thalmodici
795 3028 840 3083 ut
856 3028 969 3107 quam

70 3182 73 3189 ,
111 3106 499 3211 magnificentissimanr
526 3112 572 3184 de
598 3114 659 3186 suo
689 3110 886 3187 Sanhcdrin
916 3106 971 3181 id·
1038 3120 1040 3125 ’

83 3206 90 3219 '
112 3234 196 3287 eam
225 3209 376 3283 aliorum
397 3204 580 3281 mentibus
597 3214 859 3309 imprimerent,
879 3202 973 3279 mul·

173 3302 742 3388 {immanenti-asa.mxlv.
800 3304 854 3386 'D
914 3314 1012 3474 :iifl
