<?xml version="1.0" encoding="UTF-8"?>
<!DOCTYPE html PUBLIC "-//W3C//DTD XHTML 1.0 Transitional//EN"
    "http://www.w3.org/TR/xhtml1/DTD/xhtml1-transitional.dtd">
<html xmlns="http://www.w3.org/1999/xhtml" xml:lang="en" lang="en">
 <head>
  <title>
</title>
<meta http-equiv="Content-Type" content="text/html;charset=utf-8" />
  <meta name='ocr-system' content='tesseract 3.04.00' />
  <meta name='ocr-capabilities' content='ocr_page ocr_carea ocr_par ocr_line ocrx_word'/>
</head>
<body>
  <div class='ocr_page' id='page_1' title='image "./bibliothecadome00manngoog_0772.png"; bbox 0 0 2084 3690; ppageno 0'>
   <div class='ocr_carea' id='block_1_1' title="bbox 205 182 953 337">
    <p class='ocr_par' dir='ltr' id='par_1_1' title="bbox 205 182 953 337">
     <span class='ocr_line' id='line_1_1' title="bbox 205 182 953 337; baseline 0.025 -36"><span class='ocrx_word' id='word_1_1' title='bbox 205 182 472 331; x_wconf 69' lang='lat' dir='ltr'>Auliquiiuirs</span> <span class='ocrx_word' id='word_1_2' title='bbox 497 215 760 313; x_wconf 78' lang='lat' dir='ltr'>Hebrcrorum.</span> <span class='ocrx_word' id='word_1_3' title='bbox 837 226 851 270; x_wconf 64' lang='lat'><em>³</em></span> <span class='ocrx_word' id='word_1_4' title='bbox 881 251 953 337; x_wconf 75' lang='lat'>25·</span> 
     </span>
    </p>
   </div>
   <div class='ocr_carea' id='block_1_2' title="bbox 48 377 1001 3253">
    <p class='ocr_par' dir='ltr' id='par_1_2' title="bbox 48 377 1001 2265">
     <span class='ocr_line' id='line_1_2' title="bbox 85 377 942 479; baseline 0.014 -28"><span class='ocrx_word' id='word_1_5' title='bbox 85 377 273 476; x_wconf 69' lang='lat' dir='ltr'>publicum</span> <span class='ocrx_word' id='word_1_6' title='bbox 304 385 531 479; x_wconf 88' lang='lat' dir='ltr'>prodierunt,</span> <span class='ocrx_word' id='word_1_7' title='bbox 544 390 599 462; x_wconf 89' lang='lat' dir='ltr'>uti</span> <span class='ocrx_word' id='word_1_8' title='bbox 618 385 777 461; x_wconf 87' lang='lat' dir='ltr'>Absolon</span> <span class='ocrx_word' id='word_1_9' title='bbox 792 387 942 464; x_wconf 66' lang='lat' dir='ltr'>&amp;Ado-</span> 
     </span>
     <span class='ocr_line' id='line_1_3' title="bbox 86 478 939 586; baseline 0.012 -35"><span class='ocrx_word' id='word_1_10' title='bbox 86 478 166 551; x_wconf 82' lang='lat' dir='ltr'>nias</span> <span class='ocrx_word' id='word_1_11' title='bbox 182 528 193 566; x_wconf 89' lang='lat'>‚</span> <span class='ocrx_word' id='word_1_12' title='bbox 234 482 296 580; x_wconf 92' lang='lat' dir='ltr'>qui</span> <span class='ocrx_word' id='word_1_13' title='bbox 337 484 501 557; x_wconf 85' lang='lat' dir='ltr'>curribus</span> <span class='ocrx_word' id='word_1_14' title='bbox 534 486 790 582; x_wconf 80' lang='lat' dir='ltr'>&amp;equitibus</span> <span class='ocrx_word' id='word_1_15' title='bbox 821 486 939 586; x_wconf 75' lang='lat' dir='ltr'>stipati</span> 
     </span>
     <span class='ocr_line' id='line_1_4' title="bbox 87 579 940 685; baseline 0.009 -35"><span class='ocrx_word' id='word_1_16' title='bbox 87 579 354 679; x_wconf 69' lang='lat' dir='ltr'>quinquaginta</span> <span class='ocrx_word' id='word_1_17' title='bbox 378 584 473 656; x_wconf 88' lang='lat' dir='ltr'>Viris</span> <span class='ocrx_word' id='word_1_18' title='bbox 496 584 795 660; x_wconf 84' lang='lat' dir='ltr'>antecedentibus</span> <span class='ocrx_word' id='word_1_19' title='bbox 820 588 940 685; x_wconf 84' lang='lat' dir='ltr'>palam</span> 
     </span>
     <span class='ocr_line' id='line_1_5' title="bbox 88 683 941 781; baseline 0.007 -31"><span class='ocrx_word' id='word_1_20' title='bbox 88 697 341 778; x_wconf 84' lang='lat' dir='ltr'>comparuere.</span> <span class='ocrx_word' id='word_1_21' title='bbox 416 683 497 757; x_wconf 86' lang='lat' dir='ltr'>Nec</span> <span class='ocrx_word' id='word_1_22' title='bbox 529 707 619 781; x_wconf 85' lang='lat' dir='ltr'>opes</span> <span class='ocrx_word' id='word_1_23' title='bbox 658 685 810 757; x_wconf 83' lang='lat' dir='ltr'>deerant</span> <span class='ocrx_word' id='word_1_24' title='bbox 844 683 941 756; x_wconf 86' lang='lat' dir='ltr'>sulii·</span> 
     </span>
     <span class='ocr_line' id='line_1_6' title="bbox 86 777 942 882; baseline 0.009 -33"><span class='ocrx_word' id='word_1_25' title='bbox 86 779 216 851; x_wconf 86' lang='lat' dir='ltr'>nendae</span> <span class='ocrx_word' id='word_1_26' title='bbox 242 777 430 872; x_wconf 77' lang='lat' dir='ltr'>majestati.</span> <span class='ocrx_word' id='word_1_27' title='bbox 485 783 673 856; x_wconf 80' lang='lat' dir='ltr'>vivebant</span> <span class='ocrx_word' id='word_1_28' title='bbox 701 784 800 858; x_wconf 86' lang='lat' dir='ltr'>enim</span> <span class='ocrx_word' id='word_1_29' title='bbox 821 785 942 882; x_wconf 81' lang='lat' dir='ltr'>Reges</span> 
     </span>
     <span class='ocr_line' id='line_1_7' title="bbox 87 874 961 981; baseline 0.003 -33"><span class='ocrx_word' id='word_1_30' title='bbox 87 898 165 951; x_wconf 92' lang='lat' dir='ltr'>non</span> <span class='ocrx_word' id='word_1_31' title='bbox 194 877 306 951; x_wconf 88' lang='lat' dir='ltr'>solum</span> <span class='ocrx_word' id='word_1_32' title='bbox 337 874 521 976; x_wconf 66' lang='lat' dir='ltr'>publius,</span> <span class='ocrx_word' id='word_1_33' title='bbox 558 880 616 954; x_wconf 88' lang='lat' dir='ltr'>sed</span> <span class='ocrx_word' id='word_1_34' title='bbox 646 881 757 955; x_wconf 80' lang='lat' dir='ltr'>eriam</span> <span class='ocrx_word' id='word_1_35' title='bbox 786 882 961 981; x_wconf 85' lang='lat' dir='ltr'>privatis.</span> 
     </span>
     <span class='ocr_line' id='line_1_8' title="bbox 48 973 943 1067; baseline 0.004 -18"><span class='ocrx_word' id='word_1_36' title='bbox 48 992 51 1000; x_wconf 84' lang='lat'>&#39;</span> <span class='ocrx_word' id='word_1_37' title='bbox 88 973 206 1050; x_wconf 87' lang='lat' dir='ltr'>bonis.</span> <span class='ocrx_word' id='word_1_38' title='bbox 226 975 393 1051; x_wconf 70' lang='lat' dir='ltr'>Proseilo</span> <span class='ocrx_word' id='word_1_39' title='bbox 404 982 501 1067; x_wconf 82' lang='lat' dir='ltr'>inter</span> <span class='ocrx_word' id='word_1_40' title='bbox 516 980 860 1054; x_wconf 85' lang='lat' dir='ltr'>thesaurosDavidis</span> <span class='ocrx_word' id='word_1_41' title='bbox 875 1005 943 1053; x_wconf 90' lang='lat' dir='ltr'>nu·.</span> 
     </span>
     <span class='ocr_line' id='line_1_9' title="bbox 88 1075 941 1177; baseline -0.002 -28"><span class='ocrx_word' id='word_1_42' title='bbox 88 1075 324 1150; x_wconf 77' lang='lat' dir='ltr'>merebantur</span> <span class='ocrx_word' id='word_1_43' title='bbox 352 1098 427 1152; x_wconf 91' lang='lat' dir='ltr'>non</span> <span class='ocrx_word' id='word_1_44' title='bbox 451 1075 565 1152; x_wconf 85' lang='lat' dir='ltr'>solum</span> <span class='ocrx_word' id='word_1_45' title='bbox 588 1101 718 1153; x_wconf 84' lang='lat' dir='ltr'>aurum</span> <span class='ocrx_word' id='word_1_46' title='bbox 749 1078 787 1152; x_wconf 90' lang='lat'>&amp;</span> <span class='ocrx_word' id='word_1_47' title='bbox 813 1101 941 1177; x_wconf 73' lang='lat' dir='ltr'>argen.</span> 
     </span>
     <span class='ocr_line' id='line_1_10' title="bbox 89 1174 941 1276; baseline 0.001 -28"><span class='ocrx_word' id='word_1_48' title='bbox 89 1193 171 1248; x_wconf 87' lang='lat' dir='ltr'>tum</span> <span class='ocrx_word' id='word_1_49' title='bbox 193 1197 238 1247; x_wconf 86' lang='lat' dir='ltr'>ex</span> <span class='ocrx_word' id='word_1_50' title='bbox 259 1177 404 1251; x_wconf 87' lang='lat' dir='ltr'>tributis</span> <span class='ocrx_word' id='word_1_51' title='bbox 421 1174 629 1264; x_wconf 72' lang='lat' dir='ltr'>eolledlum,</span> <span class='ocrx_word' id='word_1_52' title='bbox 645 1175 702 1250; x_wconf 87' lang='lat' dir='ltr'>sed</span> <span class='ocrx_word' id='word_1_53' title='bbox 722 1178 835 1251; x_wconf 80' lang='lat' dir='ltr'>etiam</span> <span class='ocrx_word' id='word_1_54' title='bbox 847 1178 941 1276; x_wconf 76' lang='lat' dir='ltr'>agri,</span> 
     </span>
     <span class='ocr_line' id='line_1_11' title="bbox 88 1273 940 1363; baseline 0.002 -16"><span class='ocrx_word' id='word_1_55' title='bbox 88 1276 219 1361; x_wconf 72' lang='lat' dir='ltr'>vinee,</span> <span class='ocrx_word' id='word_1_56' title='bbox 236 1274 332 1348; x_wconf 83' lang='lat' dir='ltr'>cellae</span> <span class='ocrx_word' id='word_1_57' title='bbox 349 1276 420 1354; x_wconf 89' lang='lat' dir='ltr'>olei</span> <span class='ocrx_word' id='word_1_58' title='bbox 438 1276 477 1352; x_wconf 72' lang='grc' dir='ltr'>δι</span> <span class='ocrx_word' id='word_1_59' title='bbox 490 1277 578 1363; x_wconf 90' lang='lat' dir='ltr'>vini,</span> <span class='ocrx_word' id='word_1_60' title='bbox 597 1275 743 1355; x_wconf 83' lang='lat' dir='ltr'>arbores</span> <span class='ocrx_word' id='word_1_61' title='bbox 756 1273 940 1352; x_wconf 85' lang='lat' dir='ltr'>olivarum</span> 
     </span>
     <span class='ocr_line' id='line_1_12' title="bbox 88 1371 942 1479; baseline 0.007 -30"><span class='ocrx_word' id='word_1_62' title='bbox 88 1377 128 1449; x_wconf 79' lang='lat' dir='ltr'>dr</span> <span class='ocrx_word' id='word_1_63' title='bbox 144 1371 300 1473; x_wconf 77' lang='lat' dir='ltr'>ficuum,</span> <span class='ocrx_word' id='word_1_64' title='bbox 323 1401 451 1479; x_wconf 82' lang='lat' dir='ltr'>greges</span> <span class='ocrx_word' id='word_1_65' title='bbox 478 1376 612 1464; x_wconf 87' lang='lat' dir='ltr'>bourn,</span> <span class='ocrx_word' id='word_1_66' title='bbox 633 1373 879 1464; x_wconf 82' lang='lat' dir='ltr'>camelorum,</span> <span class='ocrx_word' id='word_1_67' title='bbox 900 1374 942 1455; x_wconf 90' lang='lat'>&amp;</span> 
     </span>
     <span class='ocr_line' id='line_1_13' title="bbox 87 1471 942 1572; baseline 0.002 -25"><span class='ocrx_word' id='word_1_68' title='bbox 87 1472 288 1548; x_wconf 71' lang='lat' dir='ltr'>afinorumz</span> <span class='ocrx_word' id='word_1_69' title='bbox 306 1478 530 1551; x_wconf 88' lang='lat' dir='ltr'>&amp;Salomon</span> <span class='ocrx_word' id='word_1_70' title='bbox 553 1473 713 1550; x_wconf 84' lang='lat' dir='ltr'>habuille</span> <span class='ocrx_word' id='word_1_71' title='bbox 727 1471 863 1572; x_wconf 88' lang='lat' dir='ltr'>legitur</span> <span class='ocrx_word' id='word_1_72' title='bbox 874 1498 942 1550; x_wconf 50' lang='lat' dir='ltr'>van</span> 
     </span>
     <span class='ocr_line' id='line_1_14' title="bbox 86 1572 939 1673; baseline -0.002 -26"><span class='ocrx_word' id='word_1_73' title='bbox 86 1572 150 1647; x_wconf 89' lang='lat' dir='ltr'>riis</span> <span class='ocrx_word' id='word_1_74' title='bbox 178 1594 243 1666; x_wconf 86' lang='lat' dir='ltr'>per</span> <span class='ocrx_word' id='word_1_75' title='bbox 264 1593 381 1655; x_wconf 80' lang='lat' dir='ltr'>rotam</span> <span class='ocrx_word' id='word_1_76' title='bbox 405 1576 593 1673; x_wconf 88' lang='lat' dir='ltr'>regionem</span> <span class='ocrx_word' id='word_1_77' title='bbox 624 1572 715 1646; x_wconf 89' lang='lat' dir='ltr'>locis</span> <span class='ocrx_word' id='word_1_78' title='bbox 740 1572 939 1647; x_wconf 88' lang='lat' dir='ltr'>duodecim</span> 
     </span>
     <span class='ocr_line' id='line_1_15' title="bbox 84 1665 940 1768; baseline -0.006 -19"><span class='ocrx_word' id='word_1_79' title='bbox 84 1665 281 1749; x_wconf 78' lang='lat' dir='ltr'>Praefeuos</span> <span class='ocrx_word' id='word_1_80' title='bbox 295 1670 355 1745; x_wconf 87' lang='lat' dir='ltr'>seu</span> <span class='ocrx_word' id='word_1_81' title='bbox 372 1672 671 1758; x_wconf 85' lang='lat' dir='ltr'>Promoscondos,</span> <span class='ocrx_word' id='word_1_82' title='bbox 687 1692 844 1768; x_wconf 87' lang='lat' dir='ltr'>quorum</span> <span class='ocrx_word' id='word_1_83' title='bbox 862 1670 940 1768; x_wconf 93' lang='lat' dir='ltr'>qui·</span> 
     </span>
     <span class='ocr_line' id='line_1_16' title="bbox 85 1766 939 1866; baseline -0.002 -23"><span class='ocrx_word' id='word_1_84' title='bbox 85 1773 146 1843; x_wconf 86' lang='lat' dir='ltr'>vis</span> <span class='ocrx_word' id='word_1_85' title='bbox 160 1766 345 1864; x_wconf 75' lang='lat' dir='ltr'>adfignato</span> <span class='ocrx_word' id='word_1_86' title='bbox 362 1768 421 1842; x_wconf 89' lang='lat' dir='ltr'>srbi</span> <span class='ocrx_word' id='word_1_87' title='bbox 434 1770 555 1846; x_wconf 88' lang='lat' dir='ltr'>mense</span> <span class='ocrx_word' id='word_1_88' title='bbox 569 1771 614 1844; x_wconf 86' lang='lat' dir='ltr'>ad</span> <span class='ocrx_word' id='word_1_89' title='bbox 630 1767 787 1843; x_wconf 87' lang='lat' dir='ltr'>culinam</span> <span class='ocrx_word' id='word_1_90' title='bbox 801 1769 939 1866; x_wconf 82' lang='lat' dir='ltr'>regiam</span> 
     </span>
     <span class='ocr_line' id='line_1_17' title="bbox 88 1865 940 1968; baseline -0.002 -27"><span class='ocrx_word' id='word_1_91' title='bbox 88 1868 219 1953; x_wconf 85' lang='lat' dir='ltr'>diebus</span> <span class='ocrx_word' id='word_1_92' title='bbox 238 1865 380 1966; x_wconf 75' lang='lat' dir='ltr'>fingulis</span> <span class='ocrx_word' id='word_1_93' title='bbox 398 1869 547 1968; x_wconf 86' lang='lat' dir='ltr'>triginta</span> <span class='ocrx_word' id='word_1_94' title='bbox 563 1890 639 1943; x_wconf 85' lang='lat' dir='ltr'>tres</span> <span class='ocrx_word' id='word_1_95' title='bbox 659 1867 785 1954; x_wconf 89' lang='lat' dir='ltr'>boves,</span> <span class='ocrx_word' id='word_1_96' title='bbox 802 1866 839 1940; x_wconf 70' lang='grc' dir='ltr'>ἃ</span> <span class='ocrx_word' id='word_1_97' title='bbox 854 1889 940 1940; x_wconf 91' lang='lat' dir='ltr'>cen·</span> 
     </span>
     <span class='ocr_line' id='line_1_18' title="bbox 90 1962 941 2053; baseline 0.001 -15"><span class='ocrx_word' id='word_1_98' title='bbox 90 1986 173 2051; x_wconf 78' lang='lat' dir='ltr'>tum</span> <span class='ocrx_word' id='word_1_99' title='bbox 203 1990 293 2040; x_wconf 87' lang='lat' dir='ltr'>oves</span> <span class='ocrx_word' id='word_1_100' title='bbox 321 1962 584 2042; x_wconf 84' lang='lat' dir='ltr'>subministrare</span> <span class='ocrx_word' id='word_1_101' title='bbox 619 1965 769 2053; x_wconf 86' lang='lat' dir='ltr'>debuit,</span> <span class='ocrx_word' id='word_1_102' title='bbox 800 1964 941 2041; x_wconf 84' lang='lat' dir='ltr'>alendis</span> 
     </span>
     <span class='ocr_line' id='line_1_19' title="bbox 61 2064 1001 2165; baseline -0.001 -27"><span class='ocrx_word' id='word_1_103' title='bbox 61 2066 262 2163; x_wconf 79' lang='lat' dir='ltr'>¹nimirum</span> <span class='ocrx_word' id='word_1_104' title='bbox 301 2068 462 2165; x_wconf 88' lang='lat' dir='ltr'>quinque</span> <span class='ocrx_word' id='word_1_105' title='bbox 494 2067 650 2141; x_wconf 88' lang='lat' dir='ltr'>millibus</span> <span class='ocrx_word' id='word_1_106' title='bbox 677 2065 869 2151; x_wconf 85' lang='lat' dir='ltr'>hominurn</span> <span class='ocrx_word' id='word_1_107' title='bbox 899 2064 940 2137; x_wconf 88' lang='lat' dir='ltr'>in</span> <span class='ocrx_word' id='word_1_108' title='bbox 997 2078 1001 2084; x_wconf 84' lang='lat'>&#39;</span> 
     </span>
     <span class='ocr_line' id='line_1_20' title="bbox 86 2160 954 2265; baseline -0.001 -27"><span class='ocrx_word' id='word_1_109' title='bbox 86 2165 196 2263; x_wconf 84' lang='lat' dir='ltr'>regiis</span> <span class='ocrx_word' id='word_1_110' title='bbox 225 2162 377 2238; x_wconf 87' lang='lat' dir='ltr'>servitiis</span> <span class='ocrx_word' id='word_1_111' title='bbox 414 2186 680 2265; x_wconf 86' lang='lat' dir='ltr'>occupatorum</span> <span class='ocrx_word' id='word_1_112' title='bbox 717 2160 954 2237; x_wconf 73' lang='lat' dir='ltr'>suffeuuros..</span> 
     </span>
    </p>

    <p class='ocr_par' dir='ltr' id='par_1_3' title="bbox 72 2259 980 3253">
     <span class='ocr_line' id='line_1_21' title="bbox 87 2259 974 2364; baseline -0.003 -27"><span class='ocrx_word' id='word_1_113' title='bbox 87 2259 211 2340; x_wconf 86' lang='lat' dir='ltr'>Multa</span> <span class='ocrx_word' id='word_1_114' title='bbox 232 2287 380 2362; x_wconf 90' lang='lat' dir='ltr'>quoque</span> <span class='ocrx_word' id='word_1_115' title='bbox 401 2267 479 2338; x_wconf 86' lang='lat' dir='ltr'>Rex</span> <span class='ocrx_word' id='word_1_116' title='bbox 494 2267 554 2340; x_wconf 90' lang='lat' dir='ltr'>hic</span> <span class='ocrx_word' id='word_1_117' title='bbox 573 2264 706 2364; x_wconf 84' lang='lat' dir='ltr'>palatia</span> <span class='ocrx_word' id='word_1_118' title='bbox 725 2261 939 2349; x_wconf 81' lang='lat' dir='ltr'>aedificavit,</span> <span class='ocrx_word' id='word_1_119' title='bbox 972 2272 974 2281; x_wconf 82' lang='grc'>’</span> 
     </span>
     <span class='ocr_line' id='line_1_22' title="bbox 88 2359 941 2463; baseline -0.005 -24"><span class='ocrx_word' id='word_1_120' title='bbox 88 2359 225 2439; x_wconf 86' lang='lat' dir='ltr'>multas</span> <span class='ocrx_word' id='word_1_121' title='bbox 248 2363 407 2435; x_wconf 87' lang='lat' dir='ltr'>munivit</span> <span class='ocrx_word' id='word_1_122' title='bbox 428 2366 553 2452; x_wconf 86' lang='lat' dir='ltr'>urbes,</span> <span class='ocrx_word' id='word_1_123' title='bbox 581 2364 723 2463; x_wconf 82' lang='lat' dir='ltr'>aliaque</span> <span class='ocrx_word' id='word_1_124' title='bbox 740 2385 857 2462; x_wconf 80' lang='lat' dir='ltr'>opera</span> <span class='ocrx_word' id='word_1_125' title='bbox 874 2384 941 2461; x_wconf 87' lang='lat' dir='ltr'>pu·</span> 
     </span>
     <span class='ocr_line' id='line_1_23' title="bbox 88 2455 980 2560; baseline -0.001 -27"><span class='ocrx_word' id='word_1_126' title='bbox 88 2455 186 2533; x_wconf 82' lang='lat' dir='ltr'>blica</span> <span class='ocrx_word' id='word_1_127' title='bbox 205 2459 364 2557; x_wconf 85' lang='lat' dir='ltr'>reliquit,</span> <span class='ocrx_word' id='word_1_128' title='bbox 381 2463 487 2560; x_wconf 86' lang='lat' dir='ltr'>regiae</span> <span class='ocrx_word' id='word_1_129' title='bbox 513 2463 709 2558; x_wconf 87' lang='lat' dir='ltr'>opulentiae</span> <span class='ocrx_word' id='word_1_130' title='bbox 722 2463 939 2534; x_wconf 85' lang='lat' dir='ltr'>monumen·</span> <span class='ocrx_word' id='word_1_131' title='bbox 977 2490 980 2509; x_wconf 50' lang='grc' dir='ltr'>ι</span> 
     </span>
     <span class='ocr_line' id='line_1_24' title="bbox 90 2557 941 2658; baseline -0.007 -25"><span class='ocrx_word' id='word_1_132' title='bbox 90 2578 156 2633; x_wconf 85' lang='lat' dir='ltr'>ta:</span> <span class='ocrx_word' id='word_1_133' title='bbox 194 2561 317 2633; x_wconf 86' lang='lat' dir='ltr'>omnia</span> <span class='ocrx_word' id='word_1_134' title='bbox 342 2557 443 2644; x_wconf 85' lang='lat' dir='ltr'>vasa,</span> <span class='ocrx_word' id='word_1_135' title='bbox 470 2557 627 2658; x_wconf 83' lang='lat' dir='ltr'>supellex</span> <span class='ocrx_word' id='word_1_136' title='bbox 655 2558 774 2633; x_wconf 90' lang='lat' dir='ltr'>omnis</span> <span class='ocrx_word' id='word_1_137' title='bbox 803 2557 941 2630; x_wconf 75' lang='lat' dir='ltr'>Durus</span> 
     </span>
     <span class='ocr_line' id='line_1_25' title="bbox 89 2648 941 2755; baseline -0.001 -25"><span class='ocrx_word' id='word_1_138' title='bbox 89 2648 225 2730; x_wconf 74' lang='lat' dir='ltr'>Libani</span> <span class='ocrx_word' id='word_1_139' title='bbox 243 2677 347 2731; x_wconf 82' lang='lat' dir='ltr'>erant</span> <span class='ocrx_word' id='word_1_140' title='bbox 370 2680 416 2733; x_wconf 84' lang='lat' dir='ltr'>ex</span> <span class='ocrx_word' id='word_1_141' title='bbox 440 2682 549 2745; x_wconf 79' lang='lat' dir='ltr'>auro,</span> <span class='ocrx_word' id='word_1_142' title='bbox 571 2677 702 2755; x_wconf 82' lang='lat' dir='ltr'>praeter</span> <span class='ocrx_word' id='word_1_143' title='bbox 724 2676 809 2730; x_wconf 83' lang='lat'><em>200.</em></span> <span class='ocrx_word' id='word_1_144' title='bbox 829 2679 941 2729; x_wconf 84' lang='lat' dir='ltr'>aurea</span> 
     </span>
     <span class='ocr_line' id='line_1_26' title="bbox 88 2752 966 2855; baseline -0.003 -26"><span class='ocrx_word' id='word_1_145' title='bbox 88 2753 211 2839; x_wconf 86' lang='lat' dir='ltr'>scuta,</span> <span class='ocrx_word' id='word_1_146' title='bbox 234 2778 399 2853; x_wconf 56' lang='lat' dir='ltr'>‘quorum</span> <span class='ocrx_word' id='word_1_147' title='bbox 428 2757 585 2855; x_wconf 84' lang='lat' dir='ltr'>quodvis</span> <span class='ocrx_word' id='word_1_148' title='bbox 606 2754 702 2831; x_wconf 85' lang='lat' dir='ltr'>ultra</span> <span class='ocrx_word' id='word_1_149' title='bbox 727 2752 786 2828; x_wconf 86' lang='lat' dir='ltr'>sex</span> <span class='ocrx_word' id='word_1_150' title='bbox 807 2753 942 2840; x_wconf 82' lang='lat' dir='ltr'>millia,</span> <span class='ocrx_word' id='word_1_151' title='bbox 964 2822 966 2827; x_wconf 80' lang='grc'>,</span> 
     </span>
     <span class='ocr_line' id='line_1_27' title="bbox 72 2850 943 2931; baseline -0.002 -2"><span class='ocrx_word' id='word_1_152' title='bbox 72 2854 210 2929; x_wconf 80' lang='lat' dir='ltr'>·aliave</span> <span class='ocrx_word' id='word_1_153' title='bbox 235 2852 333 2928; x_wconf 85' lang='lat' dir='ltr'>scuta</span> <span class='ocrx_word' id='word_1_154' title='bbox 359 2856 499 2930; x_wconf 84' lang='lat' dir='ltr'>minora</span> <span class='ocrx_word' id='word_1_155' title='bbox 524 2855 635 2930; x_wconf 87' lang='lat' dir='ltr'>trium</span> <span class='ocrx_word' id='word_1_156' title='bbox 662 2852 813 2931; x_wconf 86' lang='lat' dir='ltr'>millium</span> <span class='ocrx_word' id='word_1_157' title='bbox 838 2850 943 2927; x_wconf 86' lang='lat' dir='ltr'>flore·</span> 
     </span>
     <span class='ocr_line' id='line_1_28' title="bbox 87 2954 944 3052; baseline -0.004 -25"><span class='ocrx_word' id='word_1_158' title='bbox 87 2971 224 3028; x_wconf 84' lang='lat' dir='ltr'>norum</span> <span class='ocrx_word' id='word_1_159' title='bbox 248 2955 365 3052; x_wconf 89' lang='lat' dir='ltr'>pretio</span> <span class='ocrx_word' id='word_1_160' title='bbox 389 2954 569 3029; x_wconf 81' lang='lat' dir='ltr'>aestimatu.</span> <span class='ocrx_word' id='word_1_161' title='bbox 599 2955 665 3050; x_wconf 90' lang='lat' dir='ltr'>(i)</span> <span class='ocrx_word' id='word_1_162' title='bbox 729 2954 944 3049; x_wconf 85' lang='lat' dir='ltr'>Quantum·</span> 
     </span>
     <span class='ocr_line' id='line_1_29' title="bbox 91 3051 943 3155; baseline -0.004 -28"><span class='ocrx_word' id='word_1_163' title='bbox 91 3073 240 3149; x_wconf 82' lang='lat' dir='ltr'>cunque</span> <span class='ocrx_word' id='word_1_164' title='bbox 261 3071 386 3127; x_wconf 85' lang='lat' dir='ltr'>autern</span> <span class='ocrx_word' id='word_1_165' title='bbox 404 3077 537 3153; x_wconf 65' lang='lat' dir='ltr'>magne</span> <span class='ocrx_word' id='word_1_166' title='bbox 558 3054 750 3155; x_wconf 83' lang='lat' dir='ltr'>amplaque</span> <span class='ocrx_word' id='word_1_167' title='bbox 769 3051 857 3129; x_wconf 86' lang='lat' dir='ltr'>effet</span> <span class='ocrx_word' id='word_1_168' title='bbox 872 3054 943 3125; x_wconf 86' lang='lat' dir='ltr'>Re·</span> 
     </span>
     <span class='ocr_line' id='line_1_30' title="bbox 853 3169 945 3253; baseline 0 -28"><span class='ocrx_word' id='word_1_169' title='bbox 853 3169 945 3253; x_wconf 86' lang='lat' dir='ltr'>gum</span> 
     </span>
    </p>
   </div>
   <div class='ocr_carea' id='block_1_3' title="bbox 176 3200 532 3346">
    <p class='ocr_par' dir='ltr' id='par_1_4' title="bbox 176 3200 532 3346">
     <span class='ocr_line' id='line_1_31' title="bbox 176 3200 532 3346; baseline -0.011 -21"><span class='ocrx_word' id='word_1_170' title='bbox 176 3200 424 3346; x_wconf 53' lang='lat' dir='ltr'>&lt;uzone</span> <span class='ocrx_word' id='word_1_171' title='bbox 509 3220 532 3321; x_wconf 89' lang='grc'>“.</span> 
     </span>
    </p>
   </div>
   <div class='ocr_carea' id='block_1_4' title="bbox 0 0 1051 3690">
    <p class='ocr_par' dir='ltr' id='par_1_5' title="bbox 0 0 1051 3690">
     <span class='ocr_line' id='line_1_32' title="bbox 0 0 1051 3690; baseline 0 0"><span class='ocrx_word' id='word_1_172' title='bbox 0 0 1051 3690; x_wconf 95' lang='lat' dir='ltr'> </span> 
     </span>
    </p>
   </div>
  </div>
 </body>
</html>
