2084 3690
112 200 200 295 544
260 118 380 292 sap.
415 174 507 273 Vll.
568 146 794 285 oeconomia
919 128 928 139 ’

110 349 184 424 quo
218 321 317 400 simul
348 321 539 420 inferunt,
574 321 661 401 nilrll
687 321 757 405 elle
781 322 828 401 de
854 308 947 415 fiale,
984 292 1002 379 l

109 424 252 524 p‘raecise
276 425 359 522 quia
383 422 535 527 Ecclefia
560 422 676 509 dixit,
710 420 774 495 sed·
792 421 879 517 quia
898 440 950 494 re·

110 522 274 597 velatum
299 519 350 595 est
379 545 400 595 a
423 522 530 611 Deo,
566 519 667 609 celus
692 516 870 619 revelatio¹
889 538 951 601 no-

109 608 169 701 bis'
192 617 407 719 proponitur
430 618 475 693 ab
501 615 665 697 Ecclesia.
742 680 746 713 2

96 892 100 899 ,
159 814 374 889 Examinant
409 813 566 890 secundo
600 808 767 913 objectam
795 806 954 907 female

106 909 221 1000 -lidei,
255 914 353 1009 quod
393 910 627 987 firmillimum
665 931 702 984 at
731 935 776 987 ue
810 904 954 989 certisi-

45 1044 47 1051 ·
109 1035 212 1089 mutu
232 1008 317 1087 effe
348 1030 523 1109 oportet,
565 1028 605 1084 ut
637 1012 671 1086 ei
702 936 824 1087 secare
848 1002 955 1106 pofflt

108 1108 216 1183 inniti
241 1107 330 1185 fides
354 1109 482 1185 nostra.
547 1107 789 1194 Communius
819 1107 955 1183 docent

111 1204 325 1305 Theologi,
365 1206 453 1297 illaad
489 1203 558 1285 else
590 1223 669 1279 torn
703 1201 957 1282 aulloritatem

109 1304 182 1381 Dei
216 1303 423 1401 loquentis,
462 1321 542 1393 turn
572 1301 832 1397 revelationem
868 1298 958 1382 divi·

106 1427 226 1487 nam,
258 1403 307 1479 ita
336 1419 379 1474 ut
410 1418 545 1491 neutra
568 1398 707 1476 seorim
732 1399 774 1472 fit
798 1402 958 1497 adaequa·

91 1515 193 1574 ntum
215 1497 367 1583 formale
388 1495 594 1591 amellam,
620 1497 679 1575 sed
699 1496 809 1571 stmul.
857 1499 961 1595 quip·
999 1550 1002 1581 ,

91 1619 159 1696 .pe
185 1598 257 1675 hoc
281 1595 511 1695 complevero
537 1620 582 1671 ex
607 1592 820 1671 ausloritate
838 1601 882 1669 ac
906 1619 965 1668 re·

91 1695 295 1783 ¹,velatione
315 1693 543 1775 essentialiter
563 1717 768 1771 connexum
792 1691 845 1767 cst
872 1715 962 1766 cum
988 1734 1002 1759 ·.

113 1795 272 1867 veritate
295 1792 472 1893 mysterii,
506 1814 619 1887 quum
645 1788 889 1889 metaphystce
918 1780 962 1867 sit

110 1886 340 1989 impossibile,
364 1911 407 1969 ut
431 1892 537 1963 detur
563 1888 738 1962 revelatio
765 1889 885 1965 divina
910 1887 960 1981 de

109 1989 389 2076 incarnatione,
424 1986 463 2059 &
486 1984 595 2058 -firnul
621 1984 815 2073 infallibilis
838 1982 962 2063 auliv-

109 2086 198 2180 1itas
223 2087 295 2158 Dei
319 2081 543 2172 revelantis,
576 2085 614 2159 &
644 2104 768 2160 tamen
799 2084 962 2163 incarna-

110 2186 166 2259 tio
192 2205 265 2255 non
292 2179 428 2258 existat.
471 2179 715 2275 ¹Constiterant
739 2178 862 2263 atatem
887 2180 960 2257 Del

111 2278 367 2356 auctoritatem
393 2278 431 2351 in
463 2278 598 2355 summa
637 2278 741 2376 ipsrus
770 2279 963 2379 sapientia,

86 2379 152 2457 ,ἀ
184 2375 320 2448 summa
351 2378 570 2465 veracitate,
601 2400 666 2475 pet
701 2399 855 2477 quatum
890 2378 961 2476 pti·

67 2516 90 2533 ·-
111 2498 214 2551 mam
238 2471 451 2573 intelligitur
473 2477 519 2548 ad
543 2475 724 2550 sciendum
749 2478 889 2565 omnia,
916 2493 962 2551 ut

112 2568 194 2646 sunt
217 2573 255 2647 ia
281 2571 334 2658 se,
367 2572 404 2649 δι
429 2573 474 2646 ad
498 2572 724 2671 loquendam
748 2575 891 2661 omnia,
916 2592 962 2649 ut

113 2668 202 2761 scit,
228 2669 362 2753 summe
385 2672 658 2769 determinatus.
704 2675 754 2751 ,Et
778 2674 858 2770 quis
884 2670 962 2762 est,

112 2770 177 2868 qui
200 2791 275 2842 non
302 2768 470 2845 adhibeat
502 2768 611 2843 fidem
637 2789 746 2857 tantae
771 2768 963 2847 aullorita·

113 2869 177 2944 ti?
209 2866 393 2961 Repelnrio
418 2887 540 2943 autem
568 2866 617 2940 est
640 2866 777 2947 locutio
802 2870 873 2945 Dei
899 2868 980 2963 seu·x

97 2960 269 3075 ¹prolatio
295 2965 378 3065 figni
408 2966 574 3044 ordinata
598 2969 643 3045 ad
666 2964 962 3045 manifestandam

114 3058 310 3151 §critatem
342 3065 499 3162 aliquam
524 3092 536 3143 e
569 3083 678 3163 atque
709 3069 787 3146 nac
818 3066 959 3143 locutio

114 3158 185 3245 Dei
208 3160 275 3242 alia
296 3160 345 3241 est
362 3162 505 3242 interna
525 3189 535 3236 a
553 3170 557 3179 '
576 3161 701 3271 loquar
729 3161 777 3241 ad
787 3189 861 3363 <cor
883 3160 962 3339 e'jkur
