2084 3690
20 202 174 313 ·78'
264 218 277 265 -·
404 189 598 312 CoputI.
703 273 705 289 ,

38 346 41 367 '
70 356 248 446 vidimus,
273 354 465 457 &pellem
492 356 682 449 detrahere
708 352 927 455 pecoribus,

72 459 244 558 sanguine
269 458 316 533 ad
341 455 460 530 altaris
487 450 595 531 haiim
621 455 756 531 effuso:
789 464 928 531 Arcam

74 558 224 634 foederis
260 557 305 632 ad
340 548 450 629 castra
483 551 521 627 dt
550 556 665 630 aciem
693 551 833 630 deferre
861 558 928 630 hu·

74 659 185 733 meris
202 651 283 742 suis,
295 647 473 751 sacrisque
486 654 647 728 buccinis
662 654 845 754 clangere,
856 656 929 729 dcc.

1 841 3 846 ,
74 757 175 841 Alia,
191 750 352 851 ·quae'ad
377 751 547 851 obsequia
572 750 710 852 populo
733 751 931 851 praestanda

77 851 306 954 spedabantr
324 849 563 925 utiostituere
575 850 677 925 ilium
692 853 727 924 in
735 855 930 953 praeceptis

61 955 119 1037 ,δι
144 950 373 1038 ceremonsss,
397 946 559 1046 judicare
585 950 680 1024 circa
702 947 841 1048 lepram
854 960 869 1038 ',
893 950 931 1027 in

80 1044 208 1128 cauffis
232 1046 410 1136 divortii,
441 1049 488 1123 de
516 1053 616 1123 votis
648 1068 771 1148 atque,
794 1049 933 1153 Legali·

46 1214 50 1235 ,
76 1151 158 1236 bus,
184 1147 255 1224 Dei
276 1151 424 1222 nomine
450 1148 589 1247 populo
613 1149 842 1236 benedicere,
859 1152 931 1225 &o

81 1240 359 1346 carera'primi
385 1247 599 1322 Sacerdotes
630 1244 738 1321 fuere
772 1269 934 1345 quatuor

80 1349 233 1424 Aaronis
257 1343 320 1418 filii
346 1344 506 1431 Nadab,
534 1346 657 1433 Abiu,
695 1344 862 1434 Eleazar,
895 1349 934 1424 ὃ(

45 1478 48 1485 ⁴
81 1447 258 1530 Ithamar,
286 1467 307 1518 a
333 1462 490 1540 quorum
515 1442 777 1544 postremorum
805 1440 938 1548 proge-

81 1546 161 1631 nie,
189 1563 301 1642 atque
327 1541 379 1616 ita
406 1566 428 1618 e
452 1541 549 1617 tribu
580 1541 671 1617 Levi
695 1543 938 1620 defenderunt

84 1644 215 1762 reiiqui
231 1662 372 1718 omnes.
423 1641 545 1717 David
569 1641 648 1717 Rex
663 1646 733 1745 'eos
759 1644 939 1817 insipia-

79 1764 127 1919 ἑὲ
141 1761 301 1929 pisid}
323 1736 953 1919 diffinienda,sedisse-

118 1938 257 2016 uotidie
283 1934 484 2014 ministeriis
520 1936 624 2016 sactis
649 1959 940 2040 occuparentur,

88 1964 149 2115 ped
183 2032 296 2113 diviso
317 2041 429 2113 'inter
468 2032 590 2114 claffes
636 2032 759 2113 labore
795 2038 940 2142 singulis

89 2134 380 2213 hebdomadibus
390 2132 543 2237 ,fingulae
567 2152 715 2236 operam
741 2159 941 2229 navarent,

90 2236 223 2337 quibus
243 2237 354 2309 etiam
380 2235 594 2308 Sacerdotes
617 2232 759 2334 aliquot
777 2236 943 2340 infignio·

90 2357 149 2409 res
172 2332 351 2432 prefecit,
384 2332 445 2431 qui
473 2333 659 2409 communi
684 2334 832 2411 nomine
852 2350 945 2413 cum

91 2430 232 2506 summo
260 2430 456 2506 Sacerdote
475 2432 657 2532 Principes
680 2434 942 2529 sacerdotum,

9 2560 12 2571 ·
92 2531 131 2608 dt
156 2527 350 2608 Pontifices
373 2529 657 2631 adpeliabantur.
783 2562 788 2571 ·

459 2707 566 2784 XVI.

263 2850 429 2962 Lauina,
460 2855 661 2963 Centoras,
693 2848 802 2983 &a

172 3004 388 3096 Sacerdotes
411 3018 600 3119 excipiunt
626 3011 774 3094 Levita.
837 3016 951 3119 Equi·

32 3192 35 3199 .
99 3116 182 3193 dem
209 3140 358 3206 omnes,
390 3120 452 3216 qui
484 3142 505 3192 e
531 3117 628 3203 tribu
655 3119 746 3193 Levi
769 3119 950 3216 originem

99 3219 250 3307 duxere,
269 3236 380 3316 atque
401 3221 454 3295 ita
477 3215 539 3321 ipsr
565 3217 780 3296 Sacerdotes
805 3219 958 3334 &Porr-

258 3338 261 3343 .
908 3332 950 3391 u·
