2070 3690
260 166 413 283 Abufitr
444 167 609 285 Criticae.
786 177 890 313 167ι
928 270 930 275 ,

58 348 114 417 nt,
139 330 379 504 Cpnicorum²
404 355 477 406 non
502 329 688 406 illustrium
713 330 869 408 Critico·

61 454 112 505 m.
204 453 242 504 es
265 451 365 505 certe
390 430 629 530 deploranda,
652 430 777 506 videre
800 433 868 507 hu·

56 553 72 603 s
99 526 208 602 etiam
235 529 410 630 temporis
434 530 593 605 Criticos
617 552 691 605 noo
716 552 866 629 paucos,
908 554 912 571 ¹

57 626 78 701 ri
104 625 211 702 semei
245 648 327 703 orta
357 627 408 727 est
438 628 534 702 inter
565 651 629 703 eos
655 649 866 704 controver-

57 786 64 827 ·.
86 725 291 826 quaepiam‚
325 752 411 802 non*
434 723 548 802 solum
579 727 802 826 argumentis
826 726 866 805 &

57 820 257 929 optionis,
294 824 352 899 sed
384 827 495 902 etiam
519 827 689 900 convitiis
714 850 787 927 qua
809 846 865 902 te·

61 946 79 997 s
113 947 186 1023 qua
227 928 361 1021 apertis
391 923 424 998 se
454 925 612 998 invicem
645 926 864 1025 impetentes

57 1018 129 1095 :luti
155 1020 287 1096 infestis
313 1025 441 1110 armis,
475 1046 560 1096 curn
584 1023 692 1096 taedis'
709 1047 751 1098 ac
776 1021 863 1100 faci·

57 1140 82 1211 ,t
104 1142 352 1209 concurrere,
385 1141 429 1194 ut
460 1144 555 1194 unus
587 1120 735 1195 alterius
768 1124 862 1196 aedes

57 1218 192 1307 :endan
245 1217 402 1320 Qinto,
417 1220 573 1320 denique
598 1219 726 1294 abusus
753 1220 863 1295 Criti-

58 1339 238 1418 :magnns
264 1323 301 1393 in
327 1319 525 1420 Religionis
551 1320 699 1419 negotio
725 1318 861 1393 tumui·

58 1440 70 1491 r
94 1418 254 1492 excitare
281 1418 380 1492 solet.
450 1424 549 1491 Nam
576 1419 622 1505 ii,
657 1419 718 1515 qui
745 1416 814 1493 sese
838 1444 860 1495 a

58 1517 268 1591 mmuniooe
306 1514 467 1591 Ecclesrae
511 1519 684 1591 Romanae
722 1515 859 1615 separa·

58 1634 108 1701 nt,
130 1638 245 1710 quum
272 1640 293 1687 a
317 1613 503 1687 schismate
527 1614 589 1687 suo
614 1613 702 1687 nihil
727 1612 860 1712 reperi·

82 1711 245 1813 possent,
284 1736 358 1810 quo
382 1713 581 1811 inquietem
605 1713 715 1785 animi
741 1712 797 1785 sui
820 1710 858 1785 si·

57 1831 171 1899 rent,
215 1810 488 1909 Rempublicam
527 1809 721 1885 literarum
753 1809 858 1887 velu't

58 1910 147 1985 uvio
174 1912 384 1983 criticorum
417 1932 570 2009 operum
608 1909 856 1996 inundarunt,

57 2008 138 2081 ibus
161 2030 286 2107 aperta
316 2007 437 2083 fronte
468 2006 550 2082 fidei
580 2006 782 2125 dogmata,
817 2008 856 2085 &

58 2106 228 2181 ‚Parrum
258 2132 300 2181 ac
316 2106 478 2183 Ecclesrae
503 2102 756 2182 auuoroatern
770 2130 856 2182 con·

58 2204 141 2280 llere
164 2230 207 2279 ac
233 2206 447 2283 conculcare
470 2207 658 2281 nituntur:
700 2205 771 2280 Alii
793 2227 855 2281 ve·

57 2351 69 2390 ,
104 2306 234 2402 &pro
265 2304 394 2381 doior!
427 2306 538 2381 etiam
575 2304 760 2397 Catholici
793 2303 853 2381 vel

58 2402 130 2479 sere
155 2404 376 2503 aptioribus
400 2406 565 2501 decepti,
599 2404 659 2479 vel
689 2404 853 2503 ingenii,

58 2524 182 2601 oaeque
209 2500 331 2601 gloriae
357 2499 505 2573 stimulis
530 2503 669 2576 incitati
683 2526 757 2576 noo
801 2503 852 2576 ui·

59 2624 87 2673 u
113 2599 223 2699 ipsam
248 2598 381 2687 fidem,
415 2593 473 2672 sed
506 2621 586 2696 quae
617 2597 719 2672 iliam
746 2527 852 2677 inito

62 2700 92 2772 is
119 2697 350 2773 circumstant
383 2696 421 2771 &
442 2717 617 2784 tuentur,
650 2719 780 2793 nempe
805 2688 852 2773 ri·

59 2825 83 2881 r,
117 2820 264 2884 mores,
294 2796 507 2872 traditiones
532 2797 697 2897 antiquas
724 2796 761 2869 δι
785 2796 852 2871 Pa·

59 2920 99 2970 m
126 2895 235 2970 effata
259 2895 447 2980 licentius,
464 2916 577 2992 quam
600 2919 664 2994 par
686 2893 759 2983 est,
783 2895 850 2969 im·

59 3014 179 3095 guent,
202 2994 239 3069 &
266 2997 382 3070 minus
406 3017 515 3090 quam
542 2995 649 3067 decet
672 3016 850 3069 verecun-

72 3090 274 3193 suggillant.
335 3095 485 3189 Quota
507 3115 564 3166 res
589 3093 667 3167 haec
690 3091 785 3167 maia
809 3092 850 3169 &

59 3192 164 3269 odola
187 3194 226 3269 in
249 3191 387 3295 populo
422 3188 627 3283 Christiano
652 3188 848 3287 suscitarit,

367 3289 468 3397 rr·
737 3310 862 3419 trun
