2084 3690
319 225 372 317 H
371 228 502 341 istoria
527 199 691 321 driiicoe.
882 236 961 346 27*
1036 222 1040 231 ’

81 390 346 479 surrexerunt,
395 392 459 490 qui
511 388 728 491 collapsum
757 388 941 464 Veterum

86 490 425 567 Grammaticorum
453 489 511 565 seu
531 491 755 565 Criticorunr
782 486 943 563 tribunal
989 554 994 587 .=

85 588 207 664 rursus
231 589 489 676 instaurarunt,
511 587 723 689 afflidaeqtte
749 591 799 664 rei
824 587 943 663 litera·
990 598 992 603 ’

85 689 146 762 titt
172 688 416 791 patrocinium
443 688 633 787 inscepere.
686 691 725 761 in
751 688 986 787 humanis„

85 785 187 877 tibus
209 788 356 885 quidem
381 786 494 862 literis
520 788 557 862 dt
582 787 747 874 artibus,
786 810 878 886 quas
901 785 945 858 ii-

87 884 228 961 berales
253 909 451 967 vocamus,
484 886 644 963 aveteri
674 883 855 960 fermento
880 906 946 961 ex·

85 984 312 1101 putandis,
345 985 603 1069 emendandis,
637 982 866 1061 restituendis
899 1006 945 1059 ae

85 1080 151 1157 tilu
201 1084 303 1158 andis
333 1081 542 1158 incredibile
574 1080 653 1169 est,
689 1104 763 1182 quo
799 1081 944 1167 studio,

87 1204 209 1280 quave
232 1185 471 1258 contentione
502 1181 746 1258 ‘adlaborarint
778 1183 943 1282 inprimis
1033 1209 1039 1216 ·

85 1277 258 1381 nntissitni
284 1280 395 1357 italiae
424 1281 623 1377 Triumviri
653 1279 835 1383 Aligetius
867 1281 944 1356 Du·

83 1399 229 1466 rantes,
245 1379 316 1454 ‘vel
337 1401 381 1455 nt
407 1380 465 1459 alii
490 1386 655 1468 vocant,
682 1383 844 1467 Dantes,
880 1390 942 1454 no*

85 1474 273 1554 biiifflmus
313 1478 363 1554 sui
410 1482 585 1580 temporis
629 1481 771 1567 Poeta,
809 1481 942 1578 dignus

85 1576 198 1749 prtem
225 1577 298 1652 seta
324 1602 474 1678 quoque
509 1577 698 1679 posteritas
723 1581 943 1652 carminibus

100 1676 157 1750 uis
183 1676 399 1753 celebraret:
426 1679 585 1775 Joannes
607 1678 805 1750 Bocaccius
818 1678 855 1750 in
871 1679 942 1751 Ro·

86 1774 205 1851 inanis
229 1777 504 1862 monumentis,
545 1777 581 1848 in
606 1773 818 1875 genealogis
842 1776 959 1850 Deo·'

84 1886 188 1958 rum,
212 1877 415 1962 montium,
441 1871 663 1961 fluviorum,
685 1879 865 1961 mnrium,
890 1892 944 1950 at·

86 1994 161 2073 qne
201 1975 237 2047 in
275 1973 420 2049 historia
460 1970 865 2069 'illustrium‘Virotum
898 1994 943 2047 ac

87 2066 312 2160 Mulierum,
353 2075 399 2147 de
434 2074 565 2170 quibus
599 2071 768 2147 omnibus
799 2073 945 2169 erudite

86 2168 250 2271 scripit,
275 2167 550 2269 versatiffimus:
584 2172 621 2246 ἃ
636 2170 852 2246 franciscus
878 2172 946 2248 Pe·

85 2271 263 2352 ttarcha,
287 2269 349 2370 qui
375 2273 546 2370 operibus
573 2270 642 2344 suis
667 2270 838 2360 Criticis,
864 2272 946 2371 'qui-

87 2370 156 2443 bus
180 2391 291 2443 omne
316 2367 392 2446 fere
408 2392 534 2540 tpenus
559 2368 752 2445 'literarum
786 2370 947 2470 comple·

65 2489 156 2558 ,xus
180 2466 230 2543 est
243 2515 255 2554 ,
290 2491 406 2568 ptaece
432 2469 572 2543 entium
607 2468 810 2544 iecuiorurn
843 2480 947 2544 tene·'

86 2568 169 2639 bras
204 2568 372 2669 fugavit,
411 2565 630 2664 densamque
663 2566 852 2667 fuliginem
887 2571 974 2639 ab„

85 2664 209 2739 sterit.
271 2669 415 2755 Horum
439 2667 600 2767 elogium
626 2662 741 2749 exstat
765 2666 861 2762 apud
885 2667 948 2740 Pa·

85 2766 233 2865 pyrium
261 2764 494 2854 Massonium,
521 2768 583 2865 qui
609 2787 738 2838 eorum
763 2762 950 2841 historiam

85 2864 261 2938 exaravit·
278 2863 426 2963 praefrxo
451 2862 586 2939 titulo:
617 2862 655 2937 V
660 2867 722 2937 ita
747 2860 949 2953 triumHef

85 2959 425 3041 truriaesProcerum
450 2961 607 3048 Dantis,
632 2959 854 3050 Petrnrchae,
880 2960 948 3039 Bu·

74 3060 210 3141 taccu.
233 3061 317 3159 (h)
383 3062 560 3139 Geminas
585 3082 708 3135 autem
732 3059 869 3137 candias
894 3062 948 3137 sn·

85 3160 220 3269 iceptae
254 3159 328 3236 hoc
353 3160 472 3238 seculo
497 3160 765 3238 instaurationis
800 3162 950 3334 CriticE

100 3302 106 3327 r
543 3284 556 3307 '¹
896 3282 915 3335 e

85 3397 91 3407 ‚
168 3375 240 3462 (n)
270 3377 508 3471 nmmum.
