2084 3690
159 230 161 235 ’
240 154 508 305 Ακτὶᾁαίῑατεε
526 187 792 286 anroorum.
908 218 962 309 ῃ

483 386 570 461 XV.

87 614 90 618 ,
178 538 258 636 Jam
291 533 336 614 ad
358 531 518 632 reliquos
552 529 830 637 Sacerdotes&
854 532 960 613 Mini-

80 634 219 726 'stros,
245 658 401 736 quorum
426 634 554 733 ingens
577 632 683 730 copia
708 628 796 711 fuit,
829 651 872 705 ut
898 634 963 711 sci·

46 748 53 773 ·'
102 734 193 811 licet
216 761 291 827 non
318 733 432 810 solum
456 728 586 806 incolis
613 728 811 828 Solymeis,
837 727 896 805 sed
914 740 961 809 ex

101 834 206 909 omni
242 838 339 924 tribu
370 832 409 905 δι
440 831 589 930 regione
616 851 661 903 eo
688 824 959 925 confluentibus

59 969 63 973 ·
96 935 205 1009 omni
231 954 397 1028 tempore
421 928 547 1030 praesto
568 924 681 1001 essent
703 928 739 1002 in
767 928 871 1004 iactis
896 932 963 1006 ob.
984 938 999 955 ··

101 1031 244 1105 eundis.
308 1034 443 1107 Eorum
467 1025 637 1119 vestitus,
661 1045 839 1127 quantum
867 1029 961 1107 adti-

100 1149 168 1203 net
191 1133 236 1204 ad
260 1128 477 1217 femoralia,
510 1127 672 1202 tunicam
697 1126 852 1213 lineam,
881 1131 981 1205 cim·

47 1244 55 1252 ·
98 1226 229 1326 guium
266 1232 304 1307 &
337 1228 510 1330 pileolum
544 1223 718 1326 fimplex‚
752 1230 960 1305 communia

98 1349 180 1401 erat
204 1353 287 1404 cum
316 1325 515 1414 Pontifice,
545 1324 649 1421 eujus
680 1324 828 1425 reliquis
851 1350 959 1428 orna,-

97 1431 235 1503 mentis
270 1432 308 1503 hi
335 1450 495 1503 caruere.
557 1426 667 1500 Extra
697 1428 870 1513 ,ordinem
898 1448 953 1517 ta-

46 1541 53 1547 ·
94 1546 183 1598 men
207 1529 425 1623 quandoque
437 1519 718 1621 strperharmeroli
739 1521 798 1598 seu
817 1524 954 1623 Ephod,

97 1625 316 1710 utebantur,
344 1625 417 1715 hoe
440 1621 665 1707 discrimine,
691 1624 787 1722 quod
813 1622 954 1701 lineum

82 1719 199 1809 esset,
226 1745 299 1796 non
326 1745 415 1796 auro
429 1767 442 1807 ,
468 1718 688 1819 purpura&
713 1719 811 1820 bysso
836 1720 956 1799 distin·

95 1816 226 1915 dium,
261 1819 367 1919 quale
390 1818 461 1893 fuit
486 1815 681 1894 Pontificis.
753 1817 803 1894 Hi
826 1821 950 1898 Sacer·

95 1918 203 1993 dores
228 1941 271 1994 ut
293 1921 344 1993 ait
368 1917 544 2017 Josephue
569 1917 635 2010 (i)
660 1915 705 1990 ad
730 1915 843 1993 altare
858 1918 950 1995 tem'·

95 2017 271 2118 piumque
305 2016 527 2103 accedebant
562 2038 727 2090 carentes
764 2019 864 2093 omni
895 2018 952 2093 vi·

95 2117 167 2205 tio,
195 2117 292 2192 veste
318 2113 438 2190 amisti
465 2108 619 2214 byffina‚
644 2116 802 2211 maxime
823 2137 950 2192 autem

85 2237 197 2290 mero
222 2216 450 2302 abstinentes,
480 2236 523 2288 ac
548 2212 651 2287 sobrii
676 2212 860 2314 religionis
871 2240 948 2291 me·

93 2326 158 2398 tu,
194 2338 240 2388 ne
266 2317 354 2410 quid
378 2337 454 2387 rem
487 2313 648 2386 divinam
673 2310 838 2390 faciendo
864 2338 949 2419 pec-

92 2433 227 2489 carent.
278 2412 412 2487 Eorum
439 2403 557 2483 officia
582 2409 753 2486 fuerunt:
780 2412 948 2514 aliaque

90 2512 138 2583 nd
172 2508 428 2599 Tabernaculi‘
450 2506 511 2581 vel
543 2507 670 2606 templi
706 2511 946 2589 ministerium

118 2611 340 2697 ertinebant,
375 2629 418 2682 ut
440 2608 561 2707 ignem
586 2605 623 2678 in
647 2604 749 2681 altari
772 2607 948 2705 holocam

90 2633 226 2783 fiotum
253 2728 431 2811 perpetuo
470 2704 704 2792 conservare,
735 2704 952 2806 lampadum·

88 2805 318 2908 aliorumque
342 2808 522 2882 sacrorum
549 2799 715 2880 vasorum
741 2827 866 2879 curam
881 2808 945 2881 ha·
993 2895 994 2898 Ἴ

87 2905 207 2980 bere:
247 2930 359 3004 panes
393 2901 644 3004 Propostta'onis
669 2900 853 2980 confodies
881 2931 946 2981 au·

86 3027 159 3079 reae
185 3004 312 3079 mense
340 3004 501 3079 calentes
526 3004 743 3102 imponere,
773 3002 959 3101 sacrificia,

73 3100 126 3181 'in
151 3102 255 3179 altari
282 3103 350 3178 suis
373 3104 545 3217 'manibus
577 3094 734 3179 offerre:
774 3101 942 3221 jugulare

845 3260 855 3266 .
888 3224 943 3291 V}-

162 3286 181 3385 “(
195 3305 234 3388 r)
247 3356 250 3363 .
265 3300 343 3415 no.
365 3302 444 3376 nea.
464 3298 599 3390 norae.

843 3394 861 3440 .“.
885 3402 998 3440 affi-
