2084 3690
225 132 494 317 Antiquitnlrs
518 190 783 288 Hebrcrnrum.
872 198 958 314 149

104 359 426 435 instrumentorum
463 359 682 441 musicorum
714 382 847 459 genere
875 360 958 435 e'ru·

105 459 235 534 dirent.
287 460 368 534 Nec
393 457 506 535 solum
533 458 826 556 in'Templn‚sed
843 452 955 535 etian'r

102 557 141 633 in
185 556 281 633 Aula
320 559 433 656 Regia
475 558 579 632 suum
617 556 757 633 muficae
795 558 959 656 pretium!

102 678 204 744 erat,
231 656 268 731 dt
295 654 461 731 studium.
513 658 568 731 lta
592 655 793 732 Berzellaus
819 655 954 731 Davidi

101 755 140 829 in
164 754 283 830 aulam
312 756 409 829 suam
437 754 471 830 se
496 755 666 831 invitanti
692 754 809 829 dixit:
850 751 954 827 Nun·

98 849 190 959 quid
203 850 326 929 audire
328 851 473 1027 ἔσβη
489 905 493 913 ·
508 851 609 928 ultra
629 876 747 929 uocem
781 849 953 927 Cantato-

100 974 180 1024 rum
196 967 303 1054 atque
355 951 608 1028 nntntrr'cum?
642 955 730 1028 Non
754 952 876 1025 minua
889 954 952 1029 Sa·

96 1050 249 1137 inmun,
276 1074 320 1127 ne
345 1075 417 1151 qua
432 1072 535 1151 parte
560 1051 664 1125 Aulae
689 1051 757 1124 suae
787 1047 950 1146 splendo-

95 1151 127 1223 ri
154 1149 288 1248 aliquid
314 1147 473 1238 deesset,
503 1148 627 1245 feriffl’
649 1144 723 1244 fibi
751 1145 919 1221 cantores
932 1197 948 1237 ‚

94 1260 204 1351 atque
220 1245 448 1323 Cnntnrrirer
469 1268 706 1337 memoratur,
730 1271 807 1347 quo
832 1247 948 1322 nomi·
1003 1336 1006 1345 Ι

68 1386 71 1390 ·
93 1369 141 1420 ne
165 1350 202 1421 in
238 1350 275 1422 S.
301 1349 485 1448 Scriptura
511 1343 636 1447 pallitn
662 1349 766 1422 venit
793 1370 868 1421 non
896 1343 947 1421 so·

91 1442 171 1519 lum
197 1446 344 1533 musica,
369 1470 449 1544 quae
474 1446 712 1534 'uocibusded
733 1444 844 1520 etiarn
866 1465 949 1543 quae

89 1542 337 1629 instrumentis
352 1547 470 1618 omnis
491 1546 633 1645 generis
647 1545 842 1645 peragitur.
868 1544 947 1618 Ho-

88 1642 174 1717 rum
198 1660 272 1717 tres
303 1640 378 1717 fere
400 1640 522 1718 classes
550 1643 710 1718 fuerunt
765 1643 947 1739 Quadam

91 1739 227 1817 fidibus
251 1738 480 1829 constabant,
506 1743 670 1842 quadarn
698 1739 944 1840 pneumatica,

90 1838 161 1917 alia
187 1842 293 1915 variae
320 1840 421 1915 sortis
448 1861 621 1939 tympana
653 1839 814 1917 suerunt.
882 1838 943 1913 Ad

87 1942 245 2041 primam
281 1941 491 2037 pertinuere
528 1934 683 2014 Nablum
716 1936 775 2016 seu
809 1932 944 2030 Psnltr·

89 2040 209 2125 rium,
241 2036 311 2112 alto
336 2040 484 2112 nomine
509 2037 663 2115 Cithara
696 2035 767 2112 five
792 2032 941 2125 Hafitr,

86 2134 151 2210 vel
184 2131 479 2227 Decnrdnrdum,
509 2136 636 2212 decem
664 2133 792 2211 fidibus
816 2132 942 2208 inlitu·

87 2230 207 2322 stum,
238 2236 309 2310 lrnc
334 2234 409 2310 solo
434 2233 664 2323 discrimine,
688 2235 789 2334 qupd
808 2230 941 2407 {salte-

85 2336 182 2408 rium
214 2333 395 2435 superiore
429 2354 561 2429 parre,
599 2335 738 2411 cithara
770 2334 805 2407 in
844 2332 941 2407 riore

86 2456 250 2509 concava
275 2428 399 2517 fuerit,
425 2430 464 2504 dt
489 2430 688 2529 pulsaretur
711 2429 849 2530 pledlro
874 2420 944 2511 vel

85 2533 203 2633 digito
228 2529 317 2605 fides
343 2525 607 2605 vellicantibus.
659 2523 770 2603 Cinor
784 2526 854 2623 sive
868 2527 938 2635 Ly·

83 2654 123 2723 ta
137 2650 247 2705 vetus
273 2629 403 2717 trium,
423 2627 617 2725 aliquando
641 2624 714 2713 fex,
738 2625 777 2703 dt
803 2647 940 2700 novem

83 2730 239 2805 omnino
261 2725 417 2814 sidium,
449 2725 575 2800 sonum
601 2723 712 2799 edens
745 2726 786 2801 in
807 2742 943 2799 ventre

82 2822 258 2920 subittio.
315 2819 527 2925 «symphonia
549 2821 654 2898 tensis
678 2824 716 2900 in
742 2845 836 2898 cavo
861 2845 939 2899 rna·

82 2926 200 3027 chine
225 2918 394 3039 oblonga
419 2945 463 2997 ac
486 2922 674 3009 rotunda,
697 2920 842 2996 chordis
866 2944 942 3019 ope

80 3020 264 3097 manubrii
295 3021 473 3118 agitatis,
499 3041 687 3097 amtenurn
717 3039 943 3097 concentum

79 3122 254 3215 reddidit.
320 3115 491 3195 sambuca
530 3118 808 3195 instrumentum
835 3116 942 3193 tnui»

79 3237 302 3311 tumeret,
333 3219 490 3393 inqntlr(
495 3214 586 3293 sides
609 3217 737 3295 ordine
757 3215 869 3341 lungo
882 3238 943 3405 :g

372 3326 378 3341 .
474 3338 478 3345 ,
515 3339 536 3421 3
843 3335 881 3391 m
964 3394 966 3399 Ι
