2084 3690
184 202 381 292 Oeconom.
394 200 494 291 ortis
509 202 673 294 critica.
787 236 870 331 127
983 316 987 331 ἱ

56 388 92 447 ta
114 390 219 443 mena
248 365 281 440 se
300 367 408 466 ipsam
429 365 545 443 veluti
564 388 734 467 penetrat
755 368 795 446 ir
808 396 878 448 co·=

56 466 182 554 roscit,
215 466 430 564 suarumque
455 469 709 564 operationum
729 494 773 544 ac
791 494 874 545 mu·

56 573 205 644 ,tionum
232 563 290 640 srbi
319 564 458 641 conscia
479 566 550 655 est,
581 589 723 665 certum
752 569 872 647 reddit

56 665 280 767 pilosophum
308 665 353 740 de
378 667 534 740 veritate
561 689 689 742 eornm
721 667 874 764 judicio·

56 790 123 865 tm,
145 785 226 865 quae
249 783 352 839 mena
380 766 540 864 concipit
567 766 661 841 circa
689 768 874 868 propriam

56 864 268 949 tilientiam,
295 864 540 961 cognitiones,
573 866 873 963 adpetitiones&

56 958 246 1041 lfeRiones
268 958 423 1052 doloris,
442 960 585 1062 gaudii,
605 965 684 1049 ira,
700 962 772 1039 &ca

95 1126 165 1203 vl.
215 1128 296 1205 Pet.
316 1125 632 1206 ratiocinationem
667 1125 738 1206 live
765 1133 876 1207 ratio-

56 1226 219 1314 lausum,
243 1228 265 1303 ss
288 1253 406 1327 neque
422 1233 458 1303 in
481 1229 575 1305 illius
592 1229 727 1319 forma,
753 1250 873 1331 neque

56 1329 237 1407 tmateriae
259 1348 356 1402 nexu
372 1351 530 1405 erratum
553 1327 637 1419 fuit,
661 1326 875 1408 certillimus

56 1428 151 1505 rudit
175 1426 435 1526 Philosophus,
466 1428 508 1517 se,
524 1431 559 1503 in
588 1429 876 1505 conclusionibus

56 1528 110 1603 lde
141 1527 390 1600 ratiocinando
425 1525 587 1601 deduius
619 1526 692 1602 falli
723 1532 875 1609 omnino

56 1648 101 1701 on
152 1621 244 1711 olle,
270 1625 328 1698 uti
347 1644 392 1701 ex
410 1622 597 1727 lyllogilmi
614 1627 797 1728 principiis
814 1630 877 1702 de·

56 1746 89 1801 to
143 1743 264 1797 rarum
283 1720 344 1798 est.
515 1728 518 1733 ’

98 1868 184 1947 vn.
232 1871 361 1945 Sensus
376 1870 517 1947 externi
531 1867 680 1969 objeiiis
693 1869 756 1948 ibi
769 1867 880 1949 rebus

56 1974 102 2045 {te
121 1969 290 2071 adplicati
315 1972 396 2045 lunt
424 1973 551 2073 ingens
574 1976 739 2049 veritatis
763 1973 883 2047 admi·
967 2056 970 2063 Ι

56 2068 191 2167 iculum
216 2070 254 2143 &
280 2073 491 2160 criterium,
527 2073 589 2145 ubi
610 2075 731 2171 agitur
749 2074 802 2155 ⁴du
822 2092 880 2145 re·

56 2192 111 2244 arn
125 2165 348 2266 objetlarum
364 2167 571 2258 existentia,
595 2168 884 2257 adfetiionibus‘,

56 2268 292 2358 uelitaribus,
329 2272 364 2345 ἃ
398 2271 634 2357 relationibus
668 2294 711 2346 ut
742 2290 881 2363 vocant

56 2366 273 2543 anlibilisblus:
296 2370 471 2469 dirigendi
495 2389 617 2445 tamen
634 2373 717 2447 lunt
738 2372 883 2473 ratione¹

56 2490 254 2543 cconrro.

101 2638 206 2715 vni.
252 2639 438 2737 Dogmata
452 2631 629 2711 naturalia
646 2653 716 2710 nee
730 2630 887 2735 antiquis

56 2758 109 2829 n,
137 2763 206 2814 nec
226 2739 371 2813 novitas
389 2732 604 2820 Auilorum,
624 2732 682 2808 sed
699 2736 792 2810 ratio
811 2757 888 2809 mei

56 2838 124 2915 tur
151 2860 194 2914 ac
223 2835 404 2912 aestimata
437 2836 524 2910 hinc
549 2852 693 2909 tantum
717 2833 754 2908 ln
771 2832 890 2911 Philo·

56 2936 188 3039 ›phicis
216 2936 317 3011 valer
343 2930 508 3021 Antioc,
547 2951 726 3031 quantum
760 2935 885 3019 tatio,

57 3060 161 3113 uam.
176 3038 335 3111 adducit.
384 3027 603 3107 Dolionibus
628 3052 753 3107 tamen
777 3028 888 3107 classi·

56 3138 153 3213 itae
186 3137 285 3210 Viris
316 3130 417 3206 claris
440 3131 617 3228 plurimus
639 3130 758 3231 honor
781 3133 889 3206 delae·

56 3258 124 3325 ur,
147 3254 217 3313 nec
239 3252 378 3309 temere
399 3229 445 3307 ab
459 3249 586 3307 eorum
609 3226 772 3309 domna
791 3250 891 3403 apte.

829 3350 890 3404 on·
