2084 3690
152 244 156 261 =
254 195 522 321 Antiquitutpr
547 190 813 287 Hebraeorum.
918 225 971 313 19

104 362 176 437 ria.
204 362 275 454 (z)
325 360 560 436 Postmodum
575 361 766 460 repudiata
783 356 856 434 Silo
878 375 973 434 tem·

76 485 197 561 ,pore
217 460 371 536 Davidis
398 458 674 559 Hierosolyma,
708 461 746 534 in
781 459 904 556 Judaea
930 458 978 535 ὄε-
1033 463 1036 469 ’

105 561 204 635 tribu
227 560 330 658 Judae
363 557 436 633 fita.
502 559 545 631 In
583 555 710 659 templo
743 551 806 632 boc
843 554 890 632 θ’
926 558 970 633 in

105 655 355 754 Hierusalem,
379 680 482 758 quum
506 656 597 758 elegi
617 655 657 732 de
686 656 818 731 cunilir
853 651 987 745 tribu-2

97 756 168 843 ‘lus
188 755 316 852 Israel,
336 771 468 856 punam
494 780 615 831 numen
646 779 757 830 meum
783 757 823 830 in
838 752 989 853 sempr?

86 872 261 943 ¹ternum.
298 860 373 950 (a)
431 859 556 954 Atque
582 855 659 929 hac
684 857 801 953 prima
826 855 968 953 Respu-

104 955 202 1033 bllca
224 956 345 1055 paruit
369 953 509 1046 summo
536 954 719 1053 Principi,
745 951 862 1052 qualis
886 969 967 1028 erat

54 1103 58 1109 ·
104 1052 248 1143 Moses,
282 1052 409 1154 Josue,
448 1052 654 1151 reliquique
680 1053 805 1125 Duces
828 1049 968 1148 populi.

91 1152 276 1251 §munda
302 1148 487 1253 perillam
514 1154 702 1251 regionem
730 1149 763 1223 se
788 1150 967 1238 extendit,

104 1274 190 1352 quae
212 1254 250 1328 in
275 1249 462 1333 sortitione
488 1248 583 1325 falla
609 1251 726 1324 cuivis
751 1248 878 1323 Tribui
904 1248 970 1321 ob-

104 1351 232 1441 venit,
265 1351 466 1450 habuitque
495 1346 735 1438 Praefeilum‘,
762 1353 825 1448 qui
850 1347 970 1423 tribus

54 1476 57 1485 ·
104 1449 205 1529 illius
247 1452 416 1548 Princeps
455 1424 572 1524 cliuus
606 1447 695 1523 est:
733 1473 808 1523 non
848 1449 971 1522 minus

106 1546 199 1625 alios
224 1545 425 1633 inferiores,
451 1549 513 1644 qui
540 1546 756 1620 familiarum
774 1545 970 1643 Principes

58 1644 193 1723 *sunt
218 1643 399 1742 adpellari.
434 1645 472 1716 hi
499 1665 622 1718 tamen
644 1667 773 1719 omnes
800 1642 969 1741 supremo

66 1806 69 1810 .
107 1743 237 1842 Capiti
269 1745 393 1840 primae
430 1741 638 1841 reipublice
678 1739 823 1829 subieCli
856 1740 972 1835 fuere,

97 1844 244 1919 ,Tertiae
265 1839 469 1939 reipublicae
492 1840 592 1915 sedes
613 1842 652 1914 in
677 1864 721 1915 ea
739 1842 890 1916 civitate
907 1863 973 1923 cu··

107 1942 241 2040 jusque
267 1938 401 2014 Tribus
428 1960 529 2028 erat,
554 1941 591 2013 in
618 1963 690 2037 qua
716 1941 871 2013 Senatus
898 1936 971 2012 fuit

108 2039 353 2125 constitutus,
380 2040 442 2136 qui
471 2036 607 2113 caussas
634 2040 795 2137 privatas
822 2061 895 2137 qua
919 2037 971 2111 ci·

107 2138 227 2226 viles,
262 2161 334 2238 qua
356 2137 557 2212 criminales
580 2160 623 2210 ut
646 2157 806 2223 vocant,
832 2158 971 2235 cogno·

107 2236 237 2314 sceret.
312 2235 459 2335 Duplex
497 2234 730 2336 personarum
775 2259 890 2335 genus
921 2232 972 2307 ad

100 2336 211 2411 huuc
234 2337 409 2412 Senatum
434 2337 630 2432 pertinuit,
663 2336 822 2434 primum
848 2326 974 2434 Snp'be·

111 2440 182 2511 tim
208 2433 269 2509 seu
292 2435 459 2532 ludices,
494 2436 556 2530 qui
584 2432 727 2508 collatis
754 2432 906 2508 confiliis
932 2431 973 2508 &

109 2532 260 2615 calculis
288 2531 501 2608 sententiam
527 2529 667 2604 tulere:
697 2527 853 2605 alterum
876 2531 973 2604 Sote-

110 2634 209 2720 ηἠι,
235 2629 367 2719 idest,
396 2624 565 2716 Ministri,
593 2652 851 2726 quorumerat
872 2652 975 2702 man·

108 2726 433 2830 ‹lata'Ptincipum
464 2731 630 2814 edicere,
666 2751 709 2801 ac
733 2727 863 2827 exequi
890 2749 996 2825 quae,

110 2829 349 2934 Magistratus
375 2849 441 2905 aut
466 2832 620 2904 Senatus
646 2824 818 2921 jusserat,
851 2827 972 2900 intena
1021 2833 1023 2837 ’

110 2948 194 3007 tato
219 2951 412 3027 poenarum
436 2928 568 3002 timore
593 2926 788 3015 omnibus,
808 2924 886 3023 'qui
912 2947 977 3025 pa·

108 3051 193 3107 tere
216 3024 477 3103 detreilabant.
503 3027 591 3100 hinc
615 3019 793 3114 officium,
803 3047 877 3124 quo
893 3022 1005 3098 fun«.
