2084 3690
233 189 501 312 Antiquitutes
527 185 817 305 illucentem(
883 220 939 310 79

84 357 205 437 tifices
237 385 277 434 re
310 362 383 459 ipsa
416 360 552 432 Levitae
586 355 758 447 fuerant3
797 379 836 432 at
862 382 941 458 pro·

84 461 166 561 prio
209 460 421 534 Levitaruln
455 460 603 532 nomine
637 456 686 527 illi
718 460 940 548 veniebant,

86 562 151 658 qui
185 582 231 634 ex
257 561 326 631 huc
353 555 458 656 stirpe
490 555 718 629 inferioribus
758 556 940 633 Taberna·

88 656 161 732 culi
184 656 245 731 vel
270 654 415 754 Templi
441 650 818 729 ministeriis'atlhibiti
843 654 942 745 suut',

87 780 165 832 non
205 752 275 831 stne
312 756 387 829 ritu
425 754 585 852 quodam
615 750 786 826 solemni.=
845 755 943 831 Nam

89 844 185 953 a'qua
205 851 361 941 lustrati,
388 852 596 952 expiatique
622 877 643 923 a
666 850 836 940 maculis,
863 851 943 932 raso

88 973 172 1030 toto
197 964 353 1052 corpore
366 1000 379 1040 ‚
414 951 573 1049 lotisque
598 946 755 1024 vestibus
779 972 866 1027 ante
890 953 944 1031 fo·

89 1075 150 1128 res
175 1050 415 1126 Tabernaculi
448 1049 567 1150 palum
595 1047 828 1124 sistebanture
860 1074 944 1126 tum

89 1151 217 1235 vitulis
241 1150 386 1226 duobus
411 1151 448 1224 in
472 1146 728 1223 holocaustum
747 1147 878 1225 oblatis
897 1151 944 1226 ad

83 1249 274 1333 ¹summum
308 1248 540 1324 Sacerdotem
572 1245 736 1346 perdutli
766 1247 944 1338 luerunt,

90 1350 155 1449 qui
181 1350 226 1422 ad
248 1369 408 1447 quatuor
437 1346 563 1423 mun'di
594 1371 621 1519 f

622 1344 722 1518 laffas
749 1344 830 1424 illos
856 1370 946 1425 cou-

90 1466 255 1534 vertens,
270 1450 487 1545 modiceque
511 1471 533 1521 e
557 1444 630 1521 soo
671 1445 946 1525 ublevanscon·

92 1546 203 1620 suetis
229 1544 330 1643 fungi
356 1543 519 1618 misteriis
543 1544 704 1638 jubebat,
732 1546 947 1643 hacquere·

93 1648 196 1719 tione
233 1644 269 1716 in
296 1638 487 1740 conspeelu
525 1643 644 1716 omnis
671 1640 799 1743 populi
828 1646 948 1723 initia·

93 1747 171 1817 bat.
220 1739 367 1838 Duplex
390 1758 514 1814 autem
539 1738 685 1815 illorum
719 1743 811 1816 ordo
851 1743 951 1833 fuit‘,

91 1865 191 1917 unus
217 1868 237 1915 a
261 1838 384 1925 Mose,
408 1837 500 1914 alter
524 1863 546 1914 a
569 1838 712 1937 Davide
737 1838 950 1925 institutus:

93 1963 230 2015 munus
255 1961 345 2013 vero
372 1937 563 2037 utriusque
589 1934 792 2037 multiplex.
848 1940 948 2019 Ptio·

93 2042 143 2115 tis
170 2040 311 2137 generis
337 2038 477 2112 Levitis
502 2060 588 2112 cura
601 2037 635 2110 T
636 2036 843 2127 ebetnaculi
861 2064 947 2116 con·

74 2141 235 2213 'credita
271 2158 369 2224 etat,
407 2137 445 2212 ὅ(
470 2135 661 2222 vasorum,
693 2136 949 2229 instrumentu-

72 2240 191 2323 'rum,
217 2260 261 2310 ac
283 2237 442 2312 Foederis
466 2240 592 2323 Arcae,
617 2253 661 2310 ut
685 2260 707 2312 e
730 2235 814 2312 loco
837 2237 953 2315 itt-lli·
1018 2242 1022 2259 ¹

96 2360 183 2410 cum
208 2332 410 2422 deferrent,
435 2334 674 2421 custodirent,
710 2335 749 2410 ὅ(
775 2338 953 2423 Sacerdo-

97 2436 195 2508 tibus
223 2432 472 2510 ministrarent.
510 2435 561 2504 ita
592 2436 630 2509 iu
654 2434 746 2509 libro
772 2438 954 2515 Numero·

48 2522 51 2531 ’
97 2558 211 2608 rum:
250 2532 329 2626 (k)
364 2528 433 2603 Per
450 2552 583 2629 gyrum
605 2525 825 2608 tabernaculi
848 2550 957 2611 meta·

96 2626 256 2722 buntur;
282 2654 360 2705 cum
375 2627 659 2730 proficiscendum
681 2632 768 2720 erit,
782 2626 974 2732 deponent·

93 2728 239 2805 Levita
263 2723 551 2814 'tabernaculum
586 2751 664 2803 cum
684 2730 799 2815 castra
823 2747 956 2808 metan-

98 2830 175 2916 da,
214 2831 365 2930 erigent.
436 2829 586 2904 Portare
620 2847 745 2903 autem
777 2830 957 2909 debebant

100 2951 222 3017 etcum
236 2976 249 3016 ,
279 2927 433 3016 velum,
460 2926 639 3013 mensam,
667 2928 873 3023 curtinum,
901 2944 964 3007 te·'

101 3025 201 3102 &um
229 3025 471 3114 tabernaculi,
498 3027 720 3114 tentorium,
743 3023 868 3117 funes,
893 3054 958 3104 ve·
1025 3122 1026 3129 Ν

100 3126 159 3218 sa,
186 3125 346 3212 tabulas,
371 3122 515 3214 velles,
543 3123 743 3219 columnas,
764 3125 876 3218 bases,
900 3146 959 3203 to·

863 3246 958 3303 tam·

101 3272 443 3401 '⁴(k)Cup.1.'
510 3340 516 3349 ·
