2084 3690
149 199 235 294 528
323 154 422 300 can
453 187 568 275 Vll*
600 132 825 278 oeconomia

144 354 348 408 connexum
380 357 463 407 cum
495 333 576 408 auu
593 333 998 433 ‘salutarissrequiruntf

142 432 303 505 uiderint:
323 432 394 528 ipfi.
446 427 481 506 si
507 435 602 507 enirn
620 433 790 509 auxilium
813 436 885 509 hoe
908 438 990 512 ade·
1030 494 1032 529 ;

141 528 214 616 rit,
241 529 376 627 semper
403 532 519 603 aderit
539 554 684 627 quoque
699 535 813 629 gratia
838 527 987 609 efficaxt

142 625 342 742 sr'deficit,
381 652 565 726 nunquam
598 631 713 705 aderit
751 631 866 730 gratia
900 629 988 707 ruffi

141 747 262 800 crem.-
343 770 346 775 -

511 859 611 935 XO
954 886 957 891 ·
1029 884 1032 983 l

59 1067 62 1071 ·
188 1025 222 1097 A
247 1022 362 1120 gratia
386 1019 583 1099 sufficiente
608 1014 801 1099 t'ransemt-
829 1023 989 1102 Theolo-

139 1121 175 1218 gi
202 1121 246 1192 ad
263 1117 466 1211 efficacem,
500 1124 595 1202 circa
612 1146 722 1219 quam
740 1123 885 1195 maximi
913 1146 988 1199 mo·

139 1220 255 1291 menti
279 1219 361 1292 lites
394 1238 616 1306 occurrunt,
648 1241 726 1314 quae
762 1241 837 1291 uon
872 1219 988 1297 lulum

39 1359 41 1365 ·
135 1316 291 1407 ,Scholas
319 1315 528 1390 catholicas
563 1332 689 1389 contra
721 1316 906 1391 hereticas
935 1344 988 1399 ar·

138 1432 304 1498 tuarum,
330 1413 522 1485 sedetiam
556 1420 650 1485 inter
684 1412 831 1508 seipsas
856 1415 989 1491 collise-

139 1532 240 1587 runt.
287 1510 484 1585 Luthtrani
509 1509 546 1584 δι
572 1509 777 1585 Calviniliae
812 1531 854 1583 ut
877 1514 988 1610 expli·

140 1629 226 1684 cent
259 1609 512 1683 certitudinem
539 1608 575 1683 ἃ
600 1605 892 1683 infallibilitatem
909 1634 987 1707 gra-

138 1709 198 1781 tiae
230 1703 410 1795 efficacis,
463 1707 598 1785 doceat
638 1707 760 1778 Deum
800 1729 865 1795 per
907 1731 987 1804 gra.

139 1808 228 1883 tiam
252 1804 440 1881 intrinsece
470 1800 654 1895 efficacem
679 1798 887 1877 necestitate
922 1809 987 1875 hu·
1030 1842 1032 1869 l

138 1928 281 1980 menam
317 1904 547 1981 voluntatem
578 1902 623 1973 ad
659 1901 821 1986 bonum,
863 1901 987 1975 itaut

137 2004 215 2077 haec
240 2005 358 2076 eidem
383 1998 536 2073 reiiiiere
562 1994 659 2068 nulla
691 1997 831 2071 ratione
863 2018 986 2094 queat.

138 2099 337 2198 janieniliae
374 2116 466 2167 vern
498 2089 693 2167 efficaciam
723 2097 846 2192 gratie
878 2095 997 2193 expli.
1029 2102 1032 2109 '

140 2216 319 2290 cant-per
343 2188 495 2291 gratiam
522 2189 725 2281 vilificent,
758 2211 800 2266 ut
830 2212 988 2267 vocant:

140 2295 267 2366 dicunt
296 2294 395 2363 enim
428 2289 614 2363 hominem
647 2292 683 2362 in
723 2289 813 2362 statu
852 2290 991 2365 naturoe'

138 2390 243 2487 laplae
269 2387 432 2462 velutin
454 2386 651 2481 aequilibrio
670 2389 764 2461 inter
786 2391 921 2461 bonurn
948 2390 989 2465 ἃ

93 2550 97 2560 .
141 2487 300 2576 malurn,
324 2488 419 2559 inter
445 2483 719 2560 deleliationem
744 2507 924 2561 terrenam
951 2492 988 2565 it

95 2675 97 2679 ,
137 2585 312 2661 caelellem
339 2583 410 2658 elle
433 2581 667 2658 constitutum
693 2587 758 2670 lic,
792 2584 882 2656 utsr
918 2602 989 2661 ter·

138 2708 227 2759 rena
275 2684 550 2782 praeponderet,
590 2684 635 2754 ad
677 2684 924 2779 peccandum,
963 2680 988 2755 fi

141 2782 285 2857 celestis
301 2779 523 2877 prevaleat,
545 2779 739 2854 neceiiario
763 2782 799 2853 ὅ(
825 2779 989 2855 infallibi·

139 2881 293 2955 literati
317 2883 453 2955 bonum
476 2881 656 2976 agendum
682 2879 855 2951 trahatur.
913 2880 988 2952 Ve-

20 3036 22 3041 .
138 3003 221 3053 rum
245 2997 398 3073 utraque
424 2980 499 3050 baec
537 2980 659 3075 gratiae
684 2973 864 3065 efficacia,
901 2999 989 3072 quu-

99 3111 102 3115 ·
139 3083 235 3151 niam
259 3075 410 3149 liberum
445 3074 629 3153 arbitrium
661 3075 783 3164 tollit,
818 3098 860 3147 ac
884 3072 989 3147 liber·

138 3196 254 3251 tatem
272 3169 517 3282 indifferentiae
536 3169 756 3273 peliumdat,
783 3173 988 3271 &gratiam

902 3291 992 3347 rere
