2084 3690
240 188 436 280 Ottoanm.
452 186 729 279 Criticoenaait.
799 144 803 159 Ἰ
870 195 956 303 ⁶3³·

10 388 15 435 ι
70 350 230 452 quorum
247 354 408 439 memini,
424 378 491 427 nec
508 356 553 428 ad
569 353 668 452 leges
684 348 768 425 latis
784 348 926 441 exarto,

10 504 30 517 ·-
69 466 139 531 ne'c
160 453 376 549 annibali&
395 453 553 550 reliquiis
573 455 642 525 rite
662 468 817 551 purgata
845 449 932 526 fue·-

10 574 25 617 ·:
66 552 170 639 rint,
199 548 259 624 v'el
277 552 328 633 ‚ob
355 550 655 651 'conscribentium
678 550 924 659 imperitiam,

66 650 128 725 vel
148 650 198 724 ob
219 651 269 724 rei
291 645 568 736 difficultatem,
589 650 648 724 vel
675 650 723 722 ob
741 649 934 747 quandum·

10 750 18 823 .'
66 740 358 865 superstitionem
379 750 416 823 in
439 751 597 823 tetendit
619 749 798 842 majorum
817 746 932 822 velli·

10 858 14 875 ⁸
65 848 136 1017 gite
152 880 172 936 ς
190 850 211 921 i
231 840 364 944 qllibus
394 846 456 921 vel
475 847 597 939 ,latum
624 870 787 946 unguem
810 844 931 921 disce·

90 946 156 1020 e'te
174 943 276 1045 nefas
293 946 539 1020 credebatur.··
563 949 620 1018 'At
636 946 698 1019 ubi
718 943 923 1021 Francilcus

64 1044 265 1118 Petratcha
289 1046 428 1139 primus
452 1049 527 1118 lere
548 1045 712 1143 mitiores
735 1041 861 1121 musal·
877 1045 923 1118 ab

66 1140 176 1217 exilio
198 1145 390 1217 revocavit
412 1144 450 1216 in
474 1142 631 1229 ltaliam,
652 1142 690 1216 δι
705 1143 925 1219 Laurentius

66 1238 176 1317 Valla
204 1240 468 1341 elegantiarum
498 1240 619 1315 latinu
645 1236 776 1341 linguae
800 1240 860 1313 sex
882 1239 924 1314 li·

65 1340 151 1413 brot
166 1340 384 1440 conscripfin
403 1363 447 1414 ac
460 1336 636 1443 Nitolrsts
657 1340 828 1415 Perottus
850 1364 926 1415 ma·

64 1460 181 1537 gnum
224 1438 399 1512 volumen
431 1440 793 1514 Commentariorum
828 1439 923 1533 ejus·

64 1536 151 1611 dem
173 1536 307 1637 lingua
327 1537 463 1635 publici
486 1539 573 1631 juris
588 1534 675 1609 fet-it
699 1537 831 1635 (quod
855 1539 924 1611 cir·

64 1658 107 1709 oa
123 1636 287 1709 medium
318 1637 356 1709 ὅ(
389 1634 498 1709 finem
523 1633 628 1708 seculi
663 1636 762 1708 XV.
785 1632 933 1711 fatiunt.

65 1732 116 1807 eil
178 1737 235 1807 hia
256 1736 410 1809 ducibus
433 1735 615 1809 animatus
642 1732 851 1807 Ambrofiua
876 1735 924 1809 de

64 1740 206 1933 Caleno
224 1826 489 1935 Bergamenfis,
514 1831 606 1907 Ord.
625 1833 772 1905 Eremit.
798 1833 833 1904 S.
847 1835 926 1905 Au·

63 1930 213 2031 gustini‚
244 1932 380 2032 grande
401 1952 496 2031 opus
519 1929 630 2021 illua,
654 1929 715 2005 seu
730 1928 930 2007 :nitamur-2

63 2032 158 2103 rium
190 2032 342 2106 molitus
370 2029 445 2123 est,
496 2032 572 2106 uod
597 2031 648 2103 ab
668 2026 829 2103 nonore
861 2031 928 2105 luo·

57 2126 199 2205 'nomen
228 2132 365 2216 traxit,
407 2130 444 2203 &
472 2053 674 2229 {tilpinum
707 2127 922 2228 adpellatur.

60 2225 119 2301 Est
140 2228 225 2301 hoc
251 2228 369 2302 veluti
399 2230 687 2328 gazophilacium
722 2226 922 2303 latinarum

59 2346 201 2399 vocum
227 2327 458 2401 e-veteribu's
480 2336 577 2401 t'llrn
593 2326 750 2426 profanis
776 2348 857 2401 tum
877 2326 927 2403 sa·

60 2424 135 2497 cria
161 2420 403 2523 scriptoribus
423 2427 573 2524 optimis
592 2423 826 2499 colleliarum
846 2425 928 2500 lon·

58 2544 109 2619 ge
132 2520 355 2597 ditillimum.
395 2525 575 2597 -Summa
604 2527 640 2596 in
668 2546 714 2599 eo
734 2522 928 2609 latinitatis
974 2590 979 2609 ,.

58 2619 203 2720 religio,
222 2622 360 2697 summa
375 2624 413 2697 in
428 2618 634 2712 Auliortrm
666 2620 848 2697 sententiis
870 2644 927 2725 res⁸

59 2719 248 2794 censendis
276 2720 386 2808 fides,
417 2721 555 2795 summa
577 2722 614 2794 in
639 2720 680 2794 iis
715 2720 930 2813 conquiren-

57 2818 116 2891 tlia
139 2819 322 2896 industria.
376 2822 533 2895 Primam
560 2814 681 2893 lucem
696 2816 833 2915 aspexit
851 2820 927 2894 hoc

58 2912 326 2993 nitrionanum
355 2942 415 3006 an,
440 2916 536 2995 MD.
558 2918 600 2992 t&
623 2918 761 2991 iteratis
793 2940 837 2991 ac
865 2916 919 2992 su·

57 3018 197 3114 premis
215 3016 310 3091 'curis
327 3017 433 3115 ipsrus
447 3014 615 3093 Aulioris
637 3012 771 3116 prodiit
800 3011 921 3091 Vene-

57 3115 120 3189 tiis
141 3136 200 3191 an.
225 3118 369 3191 MDlX.
398 3138 510 3213 quem
537 3117 599 3214 qui
619 3114 801 3215 sequitur,
821 3114 919 3191 anno

57 3214 145 3291 latia
173 3213 378 3293 conceifille
410 3215 554 3289 dicitur.
629 3216 759 3293 Crevit
793 3212 918 3313 postea

292 3346 296 3351 '
569 3328 574 3337 '
835 3334 915 3393 mo·
