2084 3690
193 212 198 233 *
316 184 369 285 sd
390 184 540 299 Iuram
570 186 735 281 sriiiroe.
917 222 945 308 9

84 355 157 431 tati
183 350 431 428 testimonium
464 340 642 451 perhibet.
673 368 678 375 '
715 354 756 429 ln
790 351 949 432 Philoso-

83 455 174 553 phia
199 454 325 526 inanes
352 475 397 525 ac·
418 452 559 547 jejunas
578 449 810 551 quaestiones,
834 474 949 555 atquc
1007 454 1010 463 ’

86 551 237 627 subtiles
265 575 500 637 aranearum,
536 553 685 649 quae'in
711 552 861 627 cerebro
886 554 949 632 n'a'·

85 652 257 736 scantur,
292 649 382 724 teias
406 649 594 737 eliminat,
622 650 865 728 clamores&
898 652 947 730 al·

87 754 312 827 tercationes
348 753 394 823 de
429 747 510 824 lana
541 752 687 845 caprina
725 751 946 850 proscribitr
1016 802 1019 811 ·

87 869 220 927 contra
247 873 399 923 arcanos
429 868 565 922 naturae
597 847 783 924 thesauros
810 850 948 928 effode·

87 976 142 1037 re,
162 948 328 1023 occultas
353 950 450 1021 vires
475 949 644 1021 adhibitis
659 952 836 1025 machinis
854 949 947 1026 scru-

88 1052 173 1137 tari,
187 1048 456 1124 elementorum
477 1050 568 1121 aeris
593 1049 751 1120 maxime
772 1072 816 1123 ac
836 1051 945 1148 ignis,

92 1148 131 1223 dr
164 1147 319 1222 sderum
361 1150 451 1220 mira
491 1148 740 1245 phoenomena
774 1149 947 1246 detegere

91 1246 247 1348 satagit,
282 1268 349 1321 nec
381 1270 454 1320 uon
487 1246 820 1345 experimentorum
846 1246 948 1323 simui

90 1370 136 1421 ac
161 1347 484 1434 ratiocinationum
510 1368 583 1443 opo
609 1347 725 1439 (quae
750 1347 949 1423 ambo-soei

89 1447 179 1519 dere
206 1466 280 1518 tarn
310 1444 414 1518 firmo
437 1468 547 1543 quam
573 1441 767 1543 necessario
795 1446 957 1541 eonion·-

88 1546 187 1647 git)
209 1542 372 1621 Universr
406 1541 759 1635 hujus-sturbiuram
793 1545 832 1618 ἃ
866 1544 947 1651 pui-¹

89 1645 339 1718 chritudinem
373 1640 540 1716 ostendit.
616 1646 655 1714 in
689 1660 767 1717 arte
801 1645 950 1731 Modica

90 1740 382 1839 aphorismorum
406 1728 587 1814 Veteruin
609 1738 875 1838 superstitione,
901 1764 947 1817 ao

90 1839 266 1919 sedarum
294 1841 374 1941 plus
402 1840 498 1913 inter
523 1836 569 1924 se,
585 1860 698 1939 quam
715 1862 781 1937 pro
808 1841 947 1944 civium

90 1939 208 2015 saluto
234 1942 475 2039 pugnantium
514 1937 750 2015 multitudine
783 1936 945 2027 sublata,

90 2043 272 2137 vanisque
317 2036 553 2136 prognosticis
584 2035 719 2111 ·valere
754 2033 889 2128 iussis,
909 2038 948 2113 in

90 2140 306 2213 morborum
332 2135 468 2211 caussas
508 2137 547 2213 dt
576 2135 660 2210 maii
696 2136 835 2211 radices
870 2136 945 2211 diii·

90 2240 240 2336 gentius
266 2237 464 2334 inquirere,
492 2235 684 2309 herbarum
711 2237 807 2310 vires
832 2239 950 2331 curio·

92 2337 164 2412 sius
188 2336 399 2435 explorare,
430 2334 469 2408 δι
498 2334 649 2414 humani
682 2336 845 2435 corporis
869 2358 948 2435 pat·

92 2456 152 2512 tes
177 2435 397 2519 anatomia,
430 2433 657 2530 reliquorum·
689 2457 779 2508 vero
817 2456 882 2508 cor
907 2456 949 2509 o·

91 2558 176 2609 rum
203 2535 357 2633 chymiae
382 2532 515 2607 auxilio
541 2528 726 2606 studiosus
755 2458 949 2631 cognobe-

91 2646 138 2709 te‘
160 2633 272 2729 jubet,
287 2654 419 2734 utpote
444 2633 481 2706 in
507 2629 646 2732 quibus·
664 2628 779 2704 sobria
804 2631 950 2704 meden-

93 2733 132 2805 di
159 2756 216 2806 ars
240 2754 320 2807 tota
346 2729 523 2827 consistit,
568 2731 608 2803 in
624 2730 712 2829 Jure
733 2725 859 2828 legum
882 2729 951 2803 du·

93 2832 237 2906 bianum
281 2855 324 2906 ac
362 2830 595 2904 obscurarum
632 2830 778 2901 turbam
815 2824 947 2903 tumui«

92 2943 264 3023 ¹tuar'rtem
290 2954 313 3004 e
339 2929 578 3003 tribunalibus
611 2924 708 3001 sorae
738 2925 867 3018 ejicit,
899 2924 952 3003 le·

92 3024 303 3133 peticionum
334 3052 398 3104 ora
427 3024 648 3129 compescit,
683 3023 803 3099 litium
828 3025 952 3101 amba.

93 3152 162 3231 ges
187 3127 373 3219 abscindit,
389 3130 427 3201 ἃ
450 3128 535 3223 juris
561 3123 740 3199 naturalis.
756 3127 959 3224 praecipue,

96 3250 213 3340 atquc
238 3228 352 3310 divini
379 3227 556 3335 principia
591 3247 677 3302 vera
703 3241 877 3329 certaque
899 3224 957 3295 in·

479 3331 583 3425 nr·
893 3318 984 3448 a„
