2070 3690
224 164 456 278 ¹Theologiae
487 167 731 285 Scholasticae.
815 188 901 287 483

56 365 77 407 „
100 311 245 400 censet,
269 313 469 414 Aristippus
494 318 533 411 in
558 318 749 419 voluptate
773 344 904 423 corpo·

56 464 77 505 „
100 417 158 489 ris.
213 413 413 511 Calliphon
438 417 475 491 δι
501 419 765 514 Dynomachus
788 423 902 520 Cyre·

57 564 77 604 ‚,
101 514 194 587 naici
225 512 454 588 honestatem
489 530 580 615 cnm*
605 517 795 615 voluptate
824 524 902 615 jun·
939 605 945 617 ,

57 661 78 701 ,,
102 631 249 686 xerunt.
313 613 501 687 Diodorus
519 615 557 688 in
579 618 782 710 privatione
803 620 903 695 dolo·

58 761 78 800 „
101 714 146 786 ris
180 710 362 784 summum
399 711 535 787 bonum
571 712 701 811 posuit.
756 717 903 817 Peripa·

59 858 80 900 ,‚
101 811 202 884 tetici
234 829 360 882 autem
393 810 432 883 in
463 811 568 888 bonis
592 814 729 901 animi,
762 813 800 890 &
824 840 903 892 cor·

60 956 79 997 „
101 911 222 1006 poris,
260 908 298 982 ὅ(
330 905 500 1015 fortwiae.
564 909 692 985 Herilli
718 912 900 991 summum

63 1055 85 1096 „
106 1011 241 1081 bonum
269 1004 320 1080 est
349 1005 524 1096 scientia,
552 1005 708 1083 Zenonis
735 1035 819 1087 cum
843 1036 903 1088 na·

66 1152 88 1192 „
112 1125 183 1178 tura
204 1124 457 1204 congruenter
471 1110 608 1178 vivere.
659 1109 922 1204 Qorundam'

66 1206 311 1290 „Stoicorum
338 1205 515 1278 virtutem
542 1204 653 1298 sequi.
688 1207 901 1284 Aristoteles

62 1350 83 1392 „
107 1305 139 1376 in
165 1301 357 1378 honestate
390 1325 434 1375 ac
458 1304 613 1377 veritate
640 1303 816 1379 summum
841 1309 904 1382 bo·

61 1450 83 1490 „
107 1426 191 1476 num
218 1401 431 1476 collocavit.
442 1424 472 1488 ¹„
519 1400 615 1476 ,1²0st
639 1402 707 1477 hos
736 1424 903 1481 errarunt

61 1525 196 1595 quoque
223 1498 391 1575 nonnulli
414 1501 597 1585 ,haeretici,
631 1502 720 1575 dum
747 1488 912 1602 tegnuxn¹

60 1598 249 1686 coelornm,
279 1599 448 1697 adeoque
480 1599 622 1672 beatnm
652 1601 767 1674 vitam
800 1600 904 1676 futu·

58 1721 127 1772 ram
151 1697 233 1798 post·
256 1694 554 1773 resurrefflonem
589 1694 627 1771 in
651 1699 904 1795 voluptatibus

60 1801 166 1871 carnis
184 1798 285 1871 sitam
305 1791 376 1870 effe
397 1798 690 1882 contenderunt,
716 1818 757 1871 ut
773 1801 819 1872 de
834 1799 904 1872 Ce-

59 1896 171 1969 rintho
182 1895 296 1971 tefer't
307 1892 500 1992 Dionysius
510 1893 785 1969 Alexandrinus.
807 1896 907 1971 Con·

58 2013 105 2068 tra
116 1996 184 2070 hos
199 2010 333 2069 omnes
351 1991 485 2067 inviae
504 1990 785 2081 demonstratur,
806 1994 906 2091 quod
979 2053 984 2062 .

11 2094 17 2187 i
57 2115 134 2167 veta
161 2095 357 2167 beatitudo
385 2094 422 2164 in
448 2089 548 2166 nullo
575 2092 672 2165 bono
698 2110 825 2166 creato
843 2116 907 2192 po·

12 2194 18 2287 i
58 2190 109 2266 sna
134 2190 176 2265 sn
201 2212 267 2265 aut
292 2187 365 2264 eise
390 2184 520 2284 posfit,
559 2189 619 2263 sed
644 2199 683 2263 in
707 2189 782 2267 solo
808 2193 905 2268 Deo.
985 2244 988 2251 ι

13 2294 17 2361 i
57 2289 193 2365 Finiunt
218 2310 346 2363 autem
372 2287 553 2387 Theologi
578 2310 663 2362 cnm
688 2290 735 2362 D.
760 2291 922 2365 Thoma'

15 2426 18 2437 ·
58 2388 340 2476 beatitudinem,
375 2390 473 2482 quod
500 2386 539 2460 fit
564 2386 742 2462 summum
767 2390 912 2465 bonum·
974 2390 1008 2440 V

15 2536 20 2559 .
58 2486 230 2576 hominis,
256 2489 517 2584 qno¹0btento
543 2487 728 2584 appetitus
755 2485 907 2562 satiatur

16 2570 21 2659 Ι
59 2585 294 2685 &quiescitz
325 2594 481 2681 eamque
506 2585 674 2658 dividunt
698 2586 736 2658 in
762 2582 908 2677 objeeii·

17 2692 22 2769 ξ
59 2706 130 2760 vam
156 2687 196 2760 ἃ
223 2676 444 2771 formaiem,
469 2705 622 2774 quarum
647 2680 746 2779 prior
771 2681 821 2756 est
847 2684 909 2759 bo·

18 2774 23 2885 ᾖ
60 2805 133 2860 num
159 2783 268 2872 iilud,
296 2783 400 2881 quod
427 2775 664 2878 poffidentem
691 2782 839 2854 beatum
860 2780 908 2853 fa·
956 2800 959 2805 ·

20 2894 26 2957 i
62 2883 122 2970 cit,
143 2906 217 2958 nec
232 2880 285 2956 est
297 2881 418 2966 aliud,
437 2879 489 2952 uti
504 2875 653 2966 dffium,
672 2902 780 2977 qnam
793 2881 910 2968 Deus,

23 2992 26 3021 ¹
62 2985 108 3074 qui
133 2980 217 3057 finis
254 2977 411 3054 ultimus
437 2975 488 3050 est
518 2979 637 3051 omnis
662 2997 836 3051 creaturae
860 2978 911 3050 in·
939 2990 945 3061 9

64 3077 269 3158 teliestnalis
290 3105 302 3152 ε
337 3074 515 3176 posterior
533 3073 584 3148 est
604 3077 770 3170 operatio
789 3073 848 3146 iiia
861 3074 909 3149 ine

8 3170 30 3226 f
66 3179 216 3263 tilchius
243 3197 312 3252 aut
337 3173 570 3264 voluntatis,
606 3172 668 3248 vei
694 3174 911 3268 utriusque,

511 3286 527 3323 ἕ
838 3291 917 3338 ,ner
