2084 3690
100 168 190 260 452
273 143 366 259 Cap.
404 143 495 237 VH.
556 147 784 247 Oeconomico

97 315 241 399 partem
267 293 302 368 se
326 294 613 370 determinatum
638 294 701 383 sn,
740 293 951 379 necessitate

99 394 258 494 quadam
282 394 396 480 fiant,
424 392 488 485 (ἃ
503 393 650 489 quidem
665 392 751 482 tali,
778 420 858 493 quat
878 414 962 474 nnc¹

98 492 268 591 impediri
293 514 365 566 nec
389 491 518 565 evitati
544 490 686 589 potest)
717 495 885 571 humanae
909 497 956 572 li·.

97 592 232 668 bertati
264 590 405 689 oppido
437 586 547 672 fatali.
607 590 706 665 Hinc
731 593 863 684 docet,
889 619 948 671 tes

97 714 180 768 tum
193 686 394 791 possibiles,
411 707 490 762 tum
505 683 671 776 absolute.
683 689 844 782 futuras,
867 713 947 770 tum

94 790 489 887 etiamcontingcntes
519 785 580 860 sub
606 791 820 865 conditione
846 789 945 866 futu·

93 913 153 977 aas
178 889 256 982 (dc
278 886 401 962 tibens
427 884 542 963 sermo
568 884 647 982 est)
679 890 807 964 aDeo
829 891 946 965 videri

94 990 236 1084 absque
266 985 339 1061 asto
363 984 487 1059 medio
510 986 548 1057 in
573 982 738 1084 seipsis,
763 986 944 1063 ‘videlicet

94 1112 163 1189 per
180 1086 366 1163 scientiam
382 1083 569 1171 madiam,
603 1082 691 1159 licet
712 1085 873 1160 absoluta
892 1085 947 1162 su·

94 1209 180 1263 tuta
213 1185 338 1263 etiam,
356 1181 482 1255 videat
514 1184 552 1254 in
584 1181 734 1258 decreto
766 1184 812 1256 ad
836 1183 946 1260 scien·

93 1289 186 1364 tiam
209 1284 305 1377 hanc
329 1280 392 1357 sito
415 1282 531 1357 modo
551 1280 816 1378 consequente:
844 1284 955 1361 unda.

50 1382 54 1387 ’
93 1386 208 1463 ctiam
240 1381 423 1457 scientiam
456 1380 600 1454 visionis
632 1379 788 1453 caussam
818 1403 944 1458 terum

93 1484 174 1579 cise-
191 1498 312 1581 negat.
361 1482 443 1553 Nec
468 1479 565 1552 enim
591 1477 702 1565 ideo,
733 1479 817 1576 quia
841 1481 945 1557 Deus

92 1585 210 1671 videt,
231 1582 304 1653 hoc
321 1574 377 1668 fit,
396 1578 454 1651 sed
474 1580 557 1674 quia
574 1577 648 1649 hoc
662 1575 717 1661 fit,
738 1577 821 1665 idco
839 1580 942 1654 Deus

91 1684 219 1767 uidet,
242 1678 343 1775 quod
364 1678 509 1753 axioma
532 1672 582 1749 est
608 1678 643 1748 S.
668 1674 841 1761 Aosclmi,
868 1701 948 1774 quo

93 1799 222 1857 contra
259 1776 406 1857 Caluini
441 1773 623 1872 sophisma
656 1771 864 1851 defenditur
898 1774 946 1849 lia

92 1879 225 1961 terna.

442 2002 594 2115 txxu.

107 2218 125 2245 .-
147 2170 232 2251 Post
255 2169 328 2247 Dei
357 2165 540 2257 scimtiam
566 2170 679 2269 probe
704 2169 939 2270 perpensam,

89 2275 139 2361 ati
155 2266 571 2367 voluptatem-ejusdcm
594 2268 839 2368 vestigandam
860 2293 960 2369 pto„

88 2373 305 2474 goediuntut
321 2364 467 2451 Thcolo
493 2371 515 2443 i.
566 2367 643 2442 Esse
655 2370 692 2441 in
708 2370 940 2444 Deo-volun·

88 2492 207 2551 tatem
239 2467 386 2568 proprie
414 2468 451 2539 di
488 2491 569 2555 am,
596 2490 665 2564 qua
694 2466 819 2555 intes
852 2462 947 2540 alias·

89 2571 211 2653 tandit
241 2589 303 2641 cas
326 2588 452 2640 amore
482 2564 756 2665 prosequendo,
789 2566 827 2639 in
851 2563 964 2639 alias·

89 2692 182 2751 veto
206 2663 403 2743 averssndo
425 2664 503 2739 illas
530 2664 681 2754 (amotis
707 2682 832 2741 tamen
857 2687 938 2760 pro

87 2768 150 2845 tus
167 2768 229 2854 iis,
255 2786 338 2862 quae
359 2762 766 2843 nostramvoluntatem
784 2765 938 2862 ejusque

85 2863 249 2943 ustiones
275 2881 325 2937 ut
374 2860 545 2939 luri'mum
576 2862 799 2941 comitantur
824 2864 861 2935 δι
886 2866 948 2938 in··'¹

62 2964 237 3061 ficiunt,
256 2886 520 3038 adfegionious
542 2985 577 3033 v.
586 2984 627 3058 .g.
648 2959 743 3049 odii,
767 2962 851 3047 irc,
875 2984 936 3037 cu·

112 3063 250 3141 iditttia
274 3062 375 3154 stc.)
406 3082 553 3159 quaque.
574 3065 671 3139 circa
696 3059 850 3139 diversas
876 3082 935 3135 res

86 3088 271 3240 ssbctrimc
290 3160 456 3249 ordinat,
482 3157 656 3258 disponit,
684 3177 794 3255 atqua
814 3160 937 3237 decer·

852 3278 930 3332 nita
