2084 3690
145 171 186 209 ‘¹
236 179 717 317 Oeconomcmliruurlis.
859 195 915 295 83
981 144 984 163 Ι

68 366 158 433 nata
181 343 258 433 eil,
289 366 370 419 tum
436 346 498 419 uia
531 345 626 421 circa
657 342 827 427 materias
851 343 918 417 has

68 442 302 534 scholastica,
333 444 371 519 id
394 368 462 531 ei,
488 438 605 517 subtili
627 466 672 519 ac
695 437 921 529 contentiosa

68 542 236 619 rufatur
259 543 461 630 methodo,
486 564 600 640 quum
622 564 697 620 nou
722 540 836 617 solum
857 564 919 615 au·

68 640 241 719 &oritate
278 644 314 717 S.
341 642 554 740 Scriptura,
593 638 845 723 Conciliorum
879 638 920 715 δι

68 740 255 826 Parrum,
297 760 427 814 verum
465 740 577 813 etiam
612 742 755 825 tatione
790 742 920 819 huma·

68 862 118 935 na
146 839 256 915 certis
277 837 416 938 legibus
441 835 707 936 circumscripta
732 838 919 912 innitatur.

68 938 151 1039 Jam
174 959 265 1013 vero
290 936 459 1013 omnibus
488 937 544 1010 his
567 934 683 1009 tribus
710 934 921 1035 Theologiae

69 1036 265 1137 generibus
295 1033 490 1110 liberaliter
523 1032 556 1109 se
582 1032 725 1109 indulsit
755 1035 920 1111 Criticea
1009 1102 1027 1121 ,,

71 1134 199 1235 primis
231 1136 379 1232 quidem
411 1131 580 1219 duobus,
608 1135 696 1207 dum
727 1132 922 1215 incorum

71 1254 186 1335 opera
205 1232 364 1333 genuina
385 1228 568 1330 inquilivit
580 1277 594 1320 ,
622 1230 817 1329 rejiciendo
837 1228 921 1307 satis
944 1248 948 1261 ⁸

69 1330 295 1430 multaque
319 1328 405 1407 fallo
428 1351 493 1405 aut
516 1349 654 1406 temere
677 1331 843 1411 Patribus
860 1332 921 1405 tri·

71 1430 298 1507 brebantur:
324 1428 541 1507 vindicando
572 1452 700 1504 eorum
724 1428 853 1531 scripta
875 1430 920 1506 ab

70 1528 207 1631 ineptis
229 1527 380 1602 sensibus
405 1527 443 1609 ὅ(
466 1528 720 1625 dogmatibus,
744 1552 836 1629 quos
860 1530 922 1606 vel

70 1628 85 1721 i
135 1646 284 1703 orantes
314 1626 461 1724 quidam
496 1624 706 1713 Catholici,
735 1625 796 1703 vel
826 1628 922 1713 male
984 1653 986 1657 ·

75 1726 195 1813 ,errati
225 1726 384 1801 haretici
417 1722 485 1798 illis
522 1718 770 1823 affingebant:
810 1749 923 1826 opera

72 1826 212 1903 inedita
235 1825 271 1898 in'
298 1824 417 1898 lucem
467 1824 702 1897 roducendo:
728 1820 796 1899 alia
815 1849 923 1901 anae·

73 1924 132 1999 vis
152 1918 300 2001 subdole
323 1846 481 2020 inlperiis
506 1920 710 2023 purgando,
729 1944 920 2020 procuran·

73 2022 199 2121 doque
229 2021 396 2105 enisus
429 2021 466 2097 in
489 2018 678 2093 subfidium
717 2026 860 2097 voeatis
886 2048 924 2099 e·
970 2066 972 2070 ·

72 2114 356 2195 mendatillimas
377 2119 566 2194 editiones.
592 2122 595 2127 ’
616 2120 656 2209 ln
670 2117 780 2194 tertio
798 2144 923 2197 autem

71 2216 287 2319 Theologiae
312 2241 457 2315 genere,
477 2240 608 2315 nempe
633 2216 869 2307 Scholasticae,
885 2222 924 2297 in

72 2338 188 2415 quarn
229 2317 501 2390 succedentibus
538 2319 762 2417 temporibus
800 2322 923 2397 multae
992 2318 995 2323 ’

75 2412 290 2513 questiones
312 2412 483 2498 inutiles,
515 2416 611 2489 tricae
637 2414 852 2507 dialellicae,
885 2420 925 2497 bt

74 2532 166 2587 nata
187 2514 222 2587 in
245 2516 393 2586 cerebro
417 2509 602 2609 systemata
620 2513 848 2615 irrepserunt,
863 2543 923 2592 ne·

102 2604 203 2685 leuis
228 2612 387 2697 Parrum,
413 2609 683 2695 Consiliorum,
708 2614 745 2686 ὅ(
771 2614 925 2691 historiae

73 2636 322 2785 {cclefiasticae
346 2707 557 2783 testimoniis
580 2732 624 2804 ae
648 2715 923 2801 monumentis,

75 2810 217 2885 Critica
242 2809 323 2909 plus
347 2809 498 2891 habuit,
524 2808 624 2899 quod
647 2828 793 2909 ageret,
818 2811 924 2887 nimi-

73 2930 158 2983 tum
175 2910 232 2981 'ut
263 2907 449 3005 extirpatis
481 2907 577 2980 ¹hisce
611 2906 846 2987 lubtilitatum
885 2912 926 2989 bt

74 3004 375 3081 heteroclitarum
407 3005 619 3102 opinionum
655 3004 811 3081 sentibus
841 3032 926 3095 eam

128 3126 261 3203 rgstet.
330 3105 428 3177 Hinc
459 3101 560 3175 locos
583 3102 827 3205 Theologicos
850 3132 926 3185 me·

73 3126 146 3281 iiis
171 3201 369 3295 consulere,
393 3202 602 3377 PatrFeszqui
628 3209 693 3302 pet
714 3202 797 3283 lites
825 3204 926 3388 stipo.

888 3334 926 3384 a·
