2070 3690
108 179 194 269 530
285 157 378 274 Capss
413 160 502 246 VH.
564 160 792 247 oeconomia

103 305 225 380 atium
252 305 438 384 salutarem
463 307 779 404 indispensabiliter
808 306 959 407 requiri·

104 425 166 478 tur
190 408 305 503 gratia
337 409 681 505 praedeterminanS,
730 431 810 505 quae
836 410 874 483 in
907 408 957 486 so·

103 501 174 587 lius
195 506 264 578 Dei
293 502 468 606 potestate
487 505 565 596 eii3
599 507 637 580 dr
662 527 785 580 tamen
810 507 882 582 hac
903 530 957 583 ca·

103 621 182 688 ret,
210 627 278 676 nec
298 626 363 704 pro
385 604 489 678 libitu
514 606 701 701 acquirere
726 607 868 704 potest,
896 602 956 703 qui

103 721 326 799 praeceptum
352 704 639 802 transgreditur:
667 707 815 777 demum
843 728 956 802 quan·

103 799 299 891 docunque
314 796 481 874 uoluntas
493 799 721 887 constituitur
733 800 791 876 iub
801 805 954 879 inevita-

105 896 168 969 bili
183 919 226 970 ac
255 898 496 996 metaphysica
520 891 729 973 necestitate
751 903 796 974 ad
820 901 957 991 adun,

27 1028 30 1043 ·
105 990 238 1068 ceiiare
262 995 466 1070 libertatem
489 992 739 1075 indifferentiae
764 1000 809 1072 ad
835 1000 956 1091 inunt

67 1084 70 1097 '
104 1093 397 1192 quandocunque
413 1113 537 1169 autem
556 1095 698 1194 pnyfice
716 1099 958 1197 praedetermi,

32 1266 36 1273 ,
102 1211 211 1264 natur
227 1194 271 1264 ad
290 1193 445 1290 aliquem
460 1192 596 1282 adium,
610 1194 776 1267 constitui
793 1218 877 1271 eam
894 1194 959 1271 sub

101 1287 301 1366 inevitabili
327 1314 370 1366 ac
400 1289 643 1394 metaphysica
676 1286 884 1368 necestitate
905 1290 975 1389 ad·

100 1388 203 1469 ilium
227 1387 358 1464 auum.
410 1389 593 1466 scotistica
619 1388 736 1464 schola
755 1394 860 1488 pouit
883 1384 957 1467 effi·

102 1490 238 1566 tactam
273 1492 397 1588 gratiae
429 1492 466 1563 in
500 1488 640 1584 speciali
673 1491 831 1584 quadam
866 1513 957 1565 com

22 1591 25 1602 '
84 1592 280 1690 'gruitate,
309 1587 563 1688 proportio-ne,
588 1605 631 1656 ac
648 1589 955 1682 contemperatio·

97 1713 146 1765 ne
184 1687 306 1762 auxilii
331 1685 444 1770 divini
477 1705 561 1757 cum
592 1682 739 1756 arbitrio
764 1682 954 1779 humano,

29 1780 32 1785 ⁵
90 1789 157 1864 ‘seu
194 1790 231 1864 in
256 1787 405 1864 decreto
438 1779 792 1867 condeterminante,
822 1801 865 1854 ut
892 1783 954 1857 ad·

100 1887 258 1990 pellant,
292 1884 362 1958 five
389 1880 657 1955 concomitante
682 1879 954 1963 determinatio·

94 2011 186 2064 nem
211 1981 408 2060 voluntatis
439 1996 504 2072 pet
532 1978 713 2072 quandam
742 1961 836 2075 queit
863 1978 953 2076 sym·

91 2086 272 2186 pathiam.
323 2077 392 2150 Sed
418 2072 495 2149 haec
514 2071 688 2148 sententia
708 2075 853 2150 easdem
873 2076 951 2154 fere

61 2192 63 2197 ’
89 2176 326 2255 'difficultates
341 2172 496 2270 patitur,
514 2196 602 2270 quas
621 2175 739 2272 prior:
768 2174 838 2248 five
853 2176 950 2252 enim

98 2280 240 2353 dicatur
276 2274 388 2373 gretia
410 2271 748 2366 praedeterminans‚
775 2271 846 2346 five
866 2298 951 2350 con·

97 2371 363 2459 determinans,
401 2369 423 2441 si
457 2367 686 2445 essentialiter
719 2373 755 2444 dc
787 2369 949 2448 absolute

98 2495 263 2561 connexa
288 2468 338 2544 est
363 2491 447 2543 cum
473 2461 573 2556 adu,
599 2470 678 2563 (uti
706 2464 862 2543 afferunt
886 2466 948 2569 ipii

96 2571 275 2668 Scotistat)
300 2569 338 2644 dt
353 2562 453 2641 fimul
479 2568 646 2664 impediri
667 2590 709 2648 ac
726 2568 855 2642 evitari
872 2592 947 2644 non

95 2669 214 2774 potest
238 2666 464 2743 avoluntate
479 2664 636 2737 humana
660 2665 734 2754 (uti
752 2668 948 2742 admittere

97 2772 257 2856 debent,
280 2788 392 2863 quum
417 2762 627 2838 immediate
652 2762 729 2858 post
765 2765 948 2841 scientiam

14 2918 18 2923 -
96 2865 262 2966 simplicis
294 2861 541 2960 intelligentiae
576 2881 660 2934 ante
697 2862 946 2960 praeviiionem

94 2962 406 3042 determinationis
421 2979 549 3035 creatu
559 2960 648 3033 deus
665 2960 837 3035 decernat
850 2963 965 3055 hanc„

71 3064 248 3168 'gratiam
274 3058 383 3157 dare)
410 3057 481 3132 siue
515 3059 662 3155 inquam
696 3061 836 3134 dicatur
868 3083 945 3160 gra·

62 3159 144 3267 'stit
168 3159 484 3263 predetermiuans
510 3155 581 3233 five
606 3160 975 3334 tondetermiqzns„·

659 3278 664 3283 ’
736 3307 740 3312 ·
857 3279 944 3335 itt·
