2084 3690
52 224 222 291 ¹120
331 240 334 247 ·
459 192 701 312 Caputh.

140 357 298 457 dignitas
333 354 525 446 sermonis,
561 359 606 434 ad
640 358 851 443 memoriam
879 355 989 435 fideli·

139 477 209 542 tas,
237 458 281 527 ad
306 457 646 554 pronunciationem
670 457 773 530 vocis
799 456 837 531 &
863 478 990 561 corpo-

141 556 191 634 ris
206 555 351 628 habitus
371 578 479 652 quam
494 552 762 654 decentiffimus
776 554 947 656 exigitur.
1027 576 1036 651 ᾗ

213 702 296 773 Vll.
348 700 542 777 Exordium
560 701 692 776 docere
707 700 837 784 debet,
860 724 908 777 ac
935 700 987 777 be
1032 766 1036 773 .

141 798 387 872 nevolentiam
415 802 594 891 excitare:
625 800 795 873 Narratio
822 796 921 887 viam
945 799 988 873 ad
1031 776 1036 871 l

141 892 357 996 argumenta
380 895 562 991 sterneret
597 894 890 999 confirmatiojl&
909 918 986 973 ton·
1032 874 1036 953 l

140 992 275 1072 futario
316 1018 524 1096 expugnare
567 998 776 1072 auditorum
814 998 986 1082 animm,

141 1094 330 1173 Peroratio
354 1117 478 1169 autem
512 1097 745 1196 triumphare.
1010 1108 1014 1117 ’

211 1240 312 1314 Vlll.
362 1241 514 1317 Dicendi
546 1260 662 1341 genus
692 1237 842 1316 sublime
877 1264 987 1341 quan·

144 1338 227 1410 dam
253 1339 432 1413 rationem
457 1334 819 1437 cogitandinobilem
853 1340 892 1416 dt
916 1362 987 1413 ma·
1023 1368 1031 1379 ·

144 1435 313 1534 gnificam
339 1436 472 1536 exigit,
496 1438 606 1511 verba
630 1439 871 1539 magnitudini
894 1439 987 1539 cogi·

144 1536 325 1608 cationum
346 1536 616 1635 respondentia,
641 1536 678 1610 δι
703 1534 835 1634 figurae
853 1536 989 1615 lenten-

144 1635 277 1735 riarum
305 1634 432 1734 plenas
457 1637 543 1711 vite
568 1659 611 1710 ac
636 1637 784 1734 vigoris.
867 1708 870 1713 ,
901 1660 905 1667 ·
993 1710 994 1715 ,

215 1742 279 1843 tx.
331 1767 485 1840 Dicendi
500 1790 615 1868 genus
630 1764 754 1841 subtile
778 1784 852 1840 tres
864 1766 989 1841 elrato-

143 1860 258 1938 lieres
280 1865 417 1939 habete
450 1865 673 1953 claritatem,
703 1862 988 1964 simplicitatem,

142 1986 186 2037 ac
213 1964 456 2054 brevitatem
483 1965 542 2041 sed
595 1987 644 2039 uo
668 1962 808 2039 facilius
833 1965 907 2037 hoc
929 1987 989 2062 ap·

141 2082 264 2164 parer,
291 2086 336 2137 eo
352 2059 531 2141 difficilius
553 1988 622 2150 el,
644 2056 856 2163 testumque
880 2063 990 2145 lubet

142 2160 348 2234 artificium.
693 2216 695 2223 .

89 2355 92 2359 ,
216 2293 266 2363 Χ.
318 2291 472 2364 Dicendi
488 2316 605 2462 penus
626 2252 990 2367 moderatum-in-

141 2404 199 2460 ter
231 2387 380 2475 subtile,
415 2413 458 2463 ac
505 2390 640 2465 ublitne
674 2391 863 2475 medium,
893 2388 990 2467 illius

141 2487 341 2573 acumine,
371 2487 408 2565 δι
436 2490 546 2585 huius
570 2488 713 2595 fulgore
737 2490 858 2563 mirus
885 2514 897 2587 ,³
931 2487 991 2562 sed

136 2606 279 2688 gratam
303 2589 513 2685 temperiem
539 2612 583 2661 ac
606 2586 764 2663 indolem
796 2606 992 2673 ornatam,

137 2683 303 2784 politam,
320 2685 358 2759 ἃ
376 2686 414 2760 in
435 2689 575 2762 animos
590 2684 746 2763 suaviter
763 2683 795 2763 se
811 2684 991 2767 insinuan-

24 2814 28 2823 ⁶
139 2803 214 2886 tem
243 2781 432 2885 praesefert.

211 2919 261 2989 X.
312 2916 415 2990 Vitia
450 2914 513 2988 llili
540 2916 703 2989 cavenda
732 2914 841 2989 sunt:
874 2937 923 2991 ne
948 2912 991 2989 tit

138 3004 285 3085 inflatus
305 3011 484 3112 dlegoriis
519 3012 805 3111 &metaphoris
826 3041 834 3083 ε
874 3013 990 3089 ueste

136 3107 297 3194 humilis,
323 3134 380 3184 res
401 3110 599 3184 minutulas
623 3113 764 3191 auidius
790 3110 989 3186 describen-

138 3205 217 3301 do,
237 3207 313 3287 'vel
337 3211 448 3287 verba
474 3208 544 3287 line
566 3206 709 3287 delectu
740 3210 779 3289 lit
803 3209 884 3286 line-
900 3206 989 3385 iguo-³
