2084 3690
101 160 108 190 ¹
137 170 222 260 162
510 156 636 272 Caput
664 148 699 240 I.

134 340 218 405 erat
238 322 336 400 dives
360 315 461 406 valde
483 319 523 392 in
541 314 728 416 poffeffione
748 320 833 401 auri
862 313 910 390 ἔθ’
928 339 991 402 nr.

133 426 248 600 penti.
271 423 352 516 (x)
399 418 559 497 Armillae
585 422 622 491 dt
640 422 798 505 inaures,
814 438 909 515 quas
931 437 992 516 per

152 530 283 599 erdum
308 520 520 594 Eleazarum
560 515 623 589 filii
646 514 697 590 sui
727 516 837 589 linaei
861 512 993 613 sponsa

138 626 238 698 dono
264 621 428 702 dederat,
454 613 538 691 odo
565 617 689 691 uncias
710 614 993 715 auripondera·

137 725 258 797 bant:
322 713 452 790 rotulit
469 718 534 788 vir
555 716 700 790 inauret
721 737 862 790 aurens.
890 731 919 814 p
940 738 992 788 en·

91 876 94 881 >
140 821 257 899 denter
270 736 376 911 [fdus
399 811 482 889 duos
508 812 555 890 ἔθ’
586 813 735 889 totidem
755 815 874 914 pundo
888 731 993 909 λίψ

141 944 222 994 rum
246 915 370 990 decem,
396 914 471 1012 (y)
524 915 592 988 Pro
617 938 735 1014 agro,
774 916 811 987 in
837 937 920 1013 quo'
949 911 994 988 se·

44 1043 48 1055 ·
126 1018 338 1118 *pulchrum
380 1017 474 1088 Sarae
515 1014 664 1114 conjugi
702 1034 859 1088 morruae
912 1013 994 1088 stru-

142 1123 218 1199 xit,
251 1132 399 1189 coemto
429 1108 707 1213 quadringentos·
717 1111 826 1208 stelos
850 1114 996 1215 argenti

134 1211 299 1318 probata
331 1228 475 1285 munera
501 1207 649 1311 publica
671 1214 893 1289 numeravit
924 1217 997 1309 (z)

142 1320 198 1391 lta
223 1307 290 1389 res'
306 1313 506 1408 agebantur
541 1312 830 1387 patriarcharum
857 1331 935 1387 tem
963 1337 998 1388 o·

18 1401 999 1510 ·‚mmwmwfflfflmm

127 1531 225 1587 toto
251 1511 396 1607 agmine
419 1510 613 1609 interram
642 1508 865 1608 promissam,
883 1535 999 1611 eaque

143 1614 239 1686 inter
261 1611 394 1681 Tribus
417 1608 455 1680 δι
480 1605 633 1684 familias
658 1610 768 1685 divisa
792 1606 890 1695 fuit,
922 1614 1000 1708 qui-

115 1750 118 1760 ·
141 1711 200 1786 vis
225 1703 426 1809 puffidebat
447 1731 575 1806 agrum
600 1710 731 1795 suum,
759 1708 798 1784 δι
822 1710 999 1809 quidquid

144 1834 166 1883 a
191 1804 388 1902 maioribus
412 1804 481 1880 suis
506 1829 711 1907 acceperat,
721 1807 862 1884 summa
888 1811 998 1910 inpa-

139 1923 217 1982 ¹cet
259 1929 335 1982 non
370 1926 541 2004 poterant
572 1927 716 1982 mutare
751 1907 998 1984 habitationes

144 2005 248 2091 suas,
285 2028 355 2079 nec
389 2006 545 2102 pendere
578 2028 643 2082 aut
667 2008 866 2108 dilapidare
892 2007 997 2084 bona.

144 2107 293 2204 Quippe
319 2124 470 2176 cautum
496 2104 577 2205 lege
602 2103 738 2191 fuerat,
764 2109 839 2201 (a)
865 2129 909 2179 ut
938 2108 994 2184 stn-

169 2204 240 2276 ulis
264 2202 505 2298 quadraginta
539 2227 674 2279 novem
711 2208 814 2279 annis
848 2205 999 2304 elapds,

144 2228 205 2376 {eu
241 2307 350 2372 Anno
384 2292 567 2393 Jubiloeo‚
601 2324 659 2376 res
701 2301 739 2377 δι
770 2301 999 2403 possessiones

143 2399 302 2473 vendite
318 2429 334 2482 ‚·
366 2415 498 2472 mutuo
524 2402 639 2486 datae,
665 2403 724 2477 vel
750 2405 1000 2506 oppignorata

144 2499 192 2575 ad
218 2496 407 2570 dominum
432 2494 535 2571 suum
566 2500 725 2575 redirent
754 2529 762 2570 ε
803 2506 926 2593 item,
957 2526 1001 2580 ut

145 2598 277 2672 eodem
303 2618 412 2682 anno,
427 2599 518 2693 quin
541 2601 652 2673 etiam
677 2602 777 2674 omni
800 2604 1002 2679 annosub-

128 2696 279 2774 -batico‚
307 2695 344 2766 id
368 2693 430 2781 est,
458 2695 611 2796 septimo
635 2696 764 2784 cundia
786 2695 910 2776 debita
925 2728 1002 2780 cre·

145 2790 323 2866 ditoribus
349 2797 634 2872 remitterentur.
702 2803 827 2899 Atque
851 2803 924 2877 hac
948 2829 1002 2881 ra·

145 2892 247 2965 tione
272 2887 408 2965 factum
436 2892 487 2968 est
500 2944 513 2984 ‚
554 2917 597 2971 ut
629 2919 699 2972 nec
731 2921 825 2975 unus
849 2899 1002 2979 alterius

940 3005 1006 3079 bu·

224 3084 296 3164 (x)
331 3081 437 3165 Grues·
456 3102 507 3167 13·
615 3095 695 3175 (y).
715 3090 880 3178 Gemfiap

225 3176 293 3259 (z)
325 3174 430 3243 Grnefi
454 3196 504 3258 23.
606 3187 671 3268 (ῃ)
698 3183 784 3252 m
802 3183 900 3271 §.K

245 3287 365 3337 numer.
382 3270 544 3340 XXVII.
