2084 3690
177 148 193 187 j
242 154 466 299 ¹Oeconom.
479 206 753 309 crudanda.
878 235 935 329 73

83 373 247 475 graphia
271 375 393 459 vitiis,
427 373 534 448 velut
563 384 650 472 'ager
674 368 940 474 patentiffimus

84 474 254 557 zizaniis,
281 472 413 546 referta
436 493 526 547 erat.
592 470 807 574 Nonpauci
839 476 940 555 enim

84 596 109 648 e
179 574 261 645 acis
289 571 548 671 scriptoribus,¹
566 590 614 646 ur
634 573 706 647 fert
730 592 857 647 eorum
885 571 942 646 in·¹

85 672 193 746 does
230 672 275 742 ad
297 671 522 744 metiendum
559 696 698 766 prona,
728 674 940 748 commenta

85 769 245 867 plurima
258 789 433 867 tanquam
449 766 686 846 testarillimas
700 769 941 845 historiasno·

86 870 144 942 bis
167 867 439 940 vendiderunt:
463 893 483 942 e
502 869 621 943 latinis
639 892 728 944 vero
747 869 942 944 laris'mul·

86 969 141 1056 ti,
164 968 318 1043 nimium
346 966 490 1040 credula
518 992 626 1066 gens,
654 969 830 1065 quidquid
853 991 941 1042 aura

88 1067 260 1165 populari
287 1064 629 1155 circumferebatur,
656 1066 697 1140 ἃ
720 1090 767 1141 ex
788 1069 939 1164 AEgypti

90 1182 138 1238 'ac
157 1164 355 1239 Thebaidis
390 1165 503 1238 antris
523 1167 750 1264 emergebat,
775 1167 839 1237 vix
864 1164 941 1238 ullo

91 1263 259 1337 examine
298 1263 709 1362 praemillo-vulgabant.
778 1260 972 1359 Quidam

87 1360 344 1434 historicorum
366 1365 514 1436 omnino
539 1361 621 1437 falsa
650 1382 844 1437 narrarunt
869 1362 942 1436 srve
1022 1448 1030 1459 ,

90 1458 210 1533 aliena
238 1459 365 1536 fraude
391 1462 555 1559 decepti,
588 1462 659 1536 sive
688 1461 852 1538 instituto
876 1460 970 1536 suo¹

89 1560 327 1658 decipientes.
377 1562 503 1657 Aliqui
528 1561 622 1634 male
647 1554 819 1634 consultis
842 1562 943 1632 addi·
1016 1595 1017 1599 ¹

88 1660 264 1733 ramentis
288 1660 399 1732 etiam
422 1682 483 1744 ea,
519 1680 600 1755 quae
621 1683 708 1732 vera
730 1660 832 1746 lunt,
863 1681 944 1731 cora·

89 1776 281 1856 ruperunt.
334 1757 406 1831 Alii
423 1757 652 1854 quibusdam,
680 1779 759 1854 quae
787 1759 943 1830 circum·

90 1852 207 1940 stant,
236 1857 359 1954 magni
381 1857 561 1929 momenti
588 1858 694 1929 rebus
721 1852 854 1928 omillis
881 1852 941 1928 vel

91 1952 184 2050 saltu
215 1952 388 2053 superaris
416 1974 556 2054 partem
578 1956 774 2040 duntaxat,
795 1955 943 2026 nonin·

71 2071 235 2153 ¹tegram
279 2053 461 2127 historiam
501 2054 708 2141 tradidere,
744 2071 870 2151 atque<
890 2054 945 2129 ita

75 2148 261 2226 ‘mancam
290 2153 511 2226 &hiatibus
540 2153 682 2249 plenam
705 2151 942 2249 reliquerunt.

90 2251 167 2325 Hic
232 2274 312 2348 pers
334 2252 599 2350 chronologicae
630 2275 672 2325 ac
691 2252 944 2350 geographicae

91 2350 176 2424 noti
192 2351 233 2423 iae
250 2372 394 2446 tempus
426 2352 462 2423 ὅ(
480 2350 627 2435 locum,
657 2352 719 2423 ubi
738 2351 776 2424 dr
797 2353 948 2447 quando·

91 2470 153 2521 res
177 2448 285 2548 gesta>
301 2448 352 2534 stt,
369 2448 484 2520 veluti
510 2450 637 2521 lubens
659 2451 832 2546 praeterit,
847 2449 954 2546 quod.

93 2567 220 2621 tamen
268 2548 313 2620 ad
358 2546 467 2619 fidem
509 2545 708 2618 faciendam
746 2546 946 2647 plurimum

91 2642 260 2721 conferre
285 2645 406 2718 soler:
458 2644 520 2718 llle
552 2644 611 2717 vel
644 2645 746 2717 addit
777 2646 949 2741 quadam

92 2770 123 2821 e
149 2747 298 2821 cerebro
332 2743 419 2832 suo,
460 2743 520 2818 vel
551 2745 704 2816 nimium
734 2740 857 2817 elevat
887 2766 947 2817 res

93 2844 229 2946 gestas,
256 2865 367 2941 arque
393 2847 443 2916 ita
470 2843 712 2915 narrationem
738 2860 856 2916 totam
882 2865 947 2929 ve·
1003 2852 1009 2858 '

92 2968 136 3021 ro
166 2946 286 3018 minus
318 2941 486 3030 similem,
520 2961 584 3012 aut
617 2941 765 3016 crumino
797 2940 947 3016 dubiam

93 3044 227 3120 reddit.
279 3043 366 3115 Non
387 3063 469 3114 raro
491 3041 602 3112 etiam
621 3041 809 3139 scriptores
829 3040 890 3140 ipd
908 3042 947 3115 in

96 3142 229 3219 eodem
252 3159 490 3239 argumento,
523 3158 634 3235 atque
659 3139 720 3224 iis,
753 3162 836 3239 quae
860 3138 953 3213 illud

97 3242 349 3329 comitantur,
371 3262 401 3315 a
427 3238 461 3312 se
475 3236 646 3411 Einvicem
676 3236 835 3315 multum
860 3235 953 3312 diffi-

119 3384 123 3389 -
525 3358 544 3427 5
652 3396 655 3401 ,
842 3338 954 3429 dent,
