2084 3690
92 192 149 307 84
386 198 390 203 ’
420 187 548 309 Caput
573 187 653 280 III.

91 351 229 429 iasticas
253 350 291 426 in
315 351 446 435 minori
470 354 588 453 pretio
611 350 859 439 habebantur,
886 354 935 433 ui·
978 384 980 417 ι

90 452 261 551 ligentius
286 449 476 536 evolvere,
501 451 752 527 Conciliorum
777 454 936 529 authori·

92 568 169 625 tate
194 548 337 623 firmare
360 550 556 665 dogmata,
592 550 745 626 historiae
767 550 937 628 Ecclefia·

91 650 184 723 sticae
207 650 437 723 documentis
469 647 661 724 sententias
689 646 935 751 locupletare,

90 766 305 847 argumenta
326 744 497 823 instruere
526 749 653 823 docuit
684 748 761 832 ita,
796 752 936 825 utnon
978 806 980 845 ,

90 848 338 947 dominaretur
362 846 464 933 ratio,
482 845 539 921 sed
563 845 665 920 sacrae
679 842 866 921 Dostrinae
879 872 936 921 an·

89 943 201 1019 ciliani
241 941 460 1021 assuesceret.
532 946 619 1021 Non
651 942 748 1019 e‘nim
787 946 935 1021 rationis

87 1041 171 1118 usus
193 1041 245 1119 est
265 1044 532 1143 repudiandus,
560 1044 733 1142 quamdiu
760 1044 934 1121 tenninot

89 1166 173 1317 tit
186 1142 936 1335 itiit‘tii‘ifiiii?Psitiimffit

90 1338 222 1439 fignem
247 1266 395 1439 opeffiam
418 1322 943 1441 praestiteruntruelcnior'ca,‘

89 1448 185 1524 nus,
221 1437 412 1537 Dionysius
441 1439 637 1524 Petauius,
670 1436 937 1535 Thomaiinur,

87 1536 302 1613 Honoratus
326 1538 564 1624 Tourneiius,
584 1537 800 1622 ‚romundus
821 1538 938 1613 Simo·

85 1656 177 1722 net,
210 1634 338 1709 Petrus
362 1640 552 1721 Annatus,
585 1634 623 1709 &
648 1630 840 1710 novissime
863 1638 938 1711 Au·

89 1737 252 1821 toineus,
277 1732 409 1833 aliique
434 1738 496 1835 qui
520 1733 761 1835 Theologiam
776 1736 935 1833 Dogma-

88 1836 203 1917 ticam¹
224 1832 473 1908 excoluerunt
525 1834 609 1906 Hoc
631 1833 777 1910 Criticae
794 1826 935 1925 ,benefi-

87 1935 185 2007 tium
208 1928 290 2019 fuit,
307 1954 380 2005 non
404 1929 513 2014 iliius,
527 1952 609 2029 quae
634 1931 932 2030 pueriliterscho

86 2029 215 2106 lasticae
253 2029 426 2115 insultat,
463 2032 520 2103 uti
556 2030 703 2103 levioris
734 2032 934 2127 armature

81 2129 217 2207 Critici
242 2130 388 2228 quidam
414 2126 531 2202 seculo
557 2128 676 2202 nostro
699 2124 934 2218 faciantne

87 2224 230 2312 sobriae,
265 2227 453 2322 prudentis
478 2251 522 2300 ac
546 2223 831 2325 circumspetiae,
880 2246 935 2297 uu

86 2330 164 2397 'rem
179 2322 273 2397 hanc
292 2322 419 2398 summi
434 2327 610 2399 momenti
623 2326 668 2400 ad
686 2328 832 2424 pondus
849 2250 932 2399 Jon-

87 2421 218 2497 rivaria·
236 2425 439 2500 examinare
463 2426 579 2499 novit.

57 2566 88 2687 i·
466 2600 570 2674 xvi.

159 2720 231 2798 Vl.
280 2720 393 2798 Porro
417 2720 666 2796 conciliorum
696 2717 838 2803 notititjr
857 2717 936 2819 piu·

87 2818 219 2895 timum
246 2818 396 2920 profuit,
422 2843 576 2917 eamque
602 2820 732 2893 mirum
755 2836 935 2917 quantum

87 2917 321 3017 amplificavit
356 2919 480 2991 eadem
506 2919 653 2992 Critice.
710 2920 804 2991 Sunt
825 2918 936 2991 enim·

86 3036 177 3089 vern
208 3015 374 3091 Conciiia
397 3012 629 3089 firmissimum
654 3014 737 3090 fidei
760 3036 840 3089 tum
857 3014 936 3114 ..ad-

83 3110 209 3187 versus
233 3116 422 3189 haereticos
445 3118 601 3199 tuendae,
627 3135 706 3187 tum
733 3116 769 3187 in
794 3114 935 3217 Catho-

85 3208 240 3289 reorum
264 3214 392 3290 animis
417 3211 630 3288 stabilienda
653 3211 937 3314 proefidium,ut·

790 3418 794 3426 .
860 3312 938 3417 ΡΟ·
