2084 3690
90 190 176 305 176
425 184 554 303 Capu
602 184 652 275 V.
695 207 697 225 ³
749 232 752 243 ·
812 188 848 293 ἦ

56 349 207 429 ‘mittit
239 342 463 422 occafionem
494 343 692 436 Clericusss
726 348 874 449 quain

86 449 209 525 dentis
221 438 369 523 Criticae
393 442 461 519 suae
492 446 636 546 tegulas
662 449 708 523 ad
731 447 874 546 religiot

89 544 323 625 Catholicatn
357 548 612 643 exagitandam
646 547 684 623 &
715 569 874 650 contem]

89 647 295 725 habendam
318 634 487 744 adplicet.

447 822 591 901 XXXI.

166 936 501 1019 Veniamus-modo
522 943 568 1016 ad
590 952 678 1028 eoo,
706 920 768 1040 qu'i
787 940 826 1017 &
850 940 874 1019 ἰι

89 1040 152 1118 nio
179 1043 217 1116 δι
242 1042 377 1135 iudicio
403 1040 638 1137 praestantes‚-
662 1063 706 1115 ac
730 1040 874 1116 otthod·

90 1140 175 1219 fidei
200 1136 332 1217 addicti
359 1140 529 1238 infignetn
556 1140 727 1239 operibus
753 1136 824 1213 suis
853 1166 874 1217 c

91 1244 155 1326 cis,
181 1236 374 1338 prasertim
398 1241 436 1311 in
461 1237 606 1313 historia
631 1237 874 1315 Ecclefiastica

89 1360 189 1414 mam
214 1336 334 1434 adepti
360 1335 469 1423 sunt,
504 1360 671 1433 quosque
709 1339 874 1423 Libriin

88 1435 223 1533 Capite
250 1435 293 1507 ΙΙ.
324 1430 360 1528 §.
389 1434 432 1506 11.
464 1457 563 1528 num.
588 1437 637 1509 X.
666 1436 711 1508 ad
738 1434 848 1535 tinent

89 1532 161 1609 fine
192 1538 362 1617 encomio
394 1531 588 1617 recensui„
636 1536 728 1609 Suos
755 1555 874 1611 tamen

89 1633 130 1708 hi
155 1654 280 1708 manes
306 1626 392 1731 paffi
418 1630 516 1731 sunt,
549 1655 592 1707 ac
624 1655 753 1708 naevos,
772 1658 848 1709 non
871 1660 874 1705 ι

89 1733 193 1808 dicos
228 1754 296 1806 nec
326 1732 464 1830 paitcos
496 1733 532 1807 in
555 1731 699 1807 illorum
725 1732 874 1825 iucobta

89 1833 196 1905 nibus
221 1854 373 1930 graves,
397 1833 459 1930 qui
483 1829 561 1929 post
587 1830 679 1930 ipsos
706 1829 874 1929 scripsero

63 1956 67 1969 ²
89 1927 269 2011 Censores
306 1948 493 2005 notarunt.
565 1931 734 2028 Dupinus
761 1926 874 2007 nont

89 2030 305 2117 reverentiae
340 2027 529 2116 Patribus,
567 2052 770 2125 eorumque
808 2028 874 2125 scri

89 2128 221 2201 debito:
247 2126 394 2235 penitus
418 2124 666 2201 obliviscitur:
703 2130 874 2223 Merum‘i

87 2226 209 2320 judice
239 2230 455 2320 figmentum
479 2222 547 2313 est,
581 2225 619 2299 ὅ(
643 2223 759 2299 futilis
778 2226 874 2301 med

88 2325 156 2408 tio,
185 2321 313 2395 sentire
339 2343 424 2395 cuin
448 2323 495 2397 D.
522 2324 769 2424 Hieronymo,
794 2324 874 2425 Sihy

89 2447 112 2497 a
148 2422 229 2504 Deo,
268 2421 489 2501 vaticinandi
528 2425 667 2499 donum
699 2422 873 2523 recepisse¹

89 2518 310 2620 virginitatis
336 2517 404 2594 suae
429 2524 644 2620 premium:
676 2518 874 2615 faetumjd

87 2622 200 2697 nimia
244 2618 393 2694 Pactum
447 2620 662 2695 credulitate
707 2621 811 2721 supet
846 2620 874 2695 -h

72 2717 245 2805 oraculis
285 2718 457 2814 (nempe
499 2719 750 2817 Sibyllarum)
791 2719 874 2795 nimi

90 2820 240 2893 evidens
266 2814 353 2904 eise,
380 2826 489 2917 quam
514 2840 559 2901 ut
582 2840 707 2917 aperta
731 2823 811 2893 haec
833 2818 874 2895 V

89 2941 170 2991 rum
196 2915 384 2991 oscitantia
415 2916 489 2990 ulla
520 2920 662 2992 ratione
695 2919 874 3018 purgarit

89 3016 155 3089 fit:
197 3013 337 3102 rursus,
371 3018 404 3088 S.
430 3015 695 3114 Epiphanium,
723 3018 874 3103 tumst,

90 3136 172 3186 runi
188 3156 191 3161 ·
206 3133 290 3184 ante
320 3115 516 3188 Tatianum
549 3111 651 3189 fuiffe
688 3112 808 3189 asserit
822 3102 845 3203 ‚'
867 3134 874 3189 1

93 3209 221 3287 errass'e
248 3213 329 3288 via:
364 3213 467 3311 plura
500 3209 594 3289 faiia
619 3239 640 3289 a
666 3214 833 3290 Patribus
862 3238 874 3315 Ι
