2084 3690
274 181 499 298 Dreplogiae
527 182 772 296 Scholastica
864 213 951 308 503

39 404 41 413 .
90 343 124 418 iu
154 332 252 435 ipsos
283 352 530 433 retorquent,
564 335 766 433 ignorantia
799 337 953 416 invinci-

92 432 169 524 bili,
210 454 297 532 quae
339 453 442 513 certo
471 458 491 507 a
518 455 670 532 peccato
707 436 872 527 excolat,
914 440 950 516 se

91 550 234 609 tuentur·
258 535 301 607 in
322 525 534 630 possellione
550 529 746 621 libertatis,
772 535 810 611 br
834 560 950 631 quum

133 631 158 706 ll
179 650 240 707 tot
267 631 463 705 damnatas
484 628 662 706 asumma
686 634 779 706 Sede
800 634 948 732 Apollo·

104 733 148 805 ’ca
169 731 261 805 alias
279 727 549 829 propositiones
575 728 694 820 laxas,
723 730 873 831 postque
888 754 948 811 tot

91 828 195 929 prelia
232 830 275 904 δι
313 822 503 903 confltuus
537 850 723 927 nunquam
760 830 797 904 δι
831 832 947 907 neuti-

92 950 187 1027 quaan
212 930 394 1001 damnata
420 922 530 1000 fuerit
556 928 744 1003 hocusque
763 930 840 1001 hae
865 952 945 1025 pro·

94 1024 228 1127 politio:
252 1022 429 1100 Licitum
443 1025 491 1115 est
502 1022 606 1124 sequi
620 1020 839 1120 sententiam
859 1052 944 1103 uere

101 1148 137 1199 ac
155 1118 350 1227 tbeologu'ce
376 1117 621 1225 probabilem,
654 1128 762 1199 etiam
793 1128 834 1199 in
864 1149 943 1201 ton·

90 1216 942 1409 mittiturque<tt

37 1390 39 1407 l
636 1370 648 1409 5

37 1422 40 1517 ξ
88 1426 196 1521 agitur
225 1422 277 1495 de
308 1423 449 1495 damno
486 1416 674 1517 proximi)
699 1422 735 1495 in
765 1419 942 1498 sententia

37 1546 39 1617 f
88 1522 137 1594 lua
160 1520 257 1595 firmi
288 1514 497 1615 persistunt,
532 1517 664 1616 fibique
694 1516 831 1595 diuum
864 1542 941 1596 ere·

86 1621 170 1711 dunt
202 1617 297 1692 illud
324 1618 373 1691 D.
388 1618 652 1693 Bonaventurae
676 1615 850 1695 effatum:
877 1616 942 1692 Be·

36 1800 38 1813 Ι
85 1722 188 1820 rigna
207 1712 414 1813 sententia
422 1711 510 1815 stupe
533 1712 661 1808 stilum
685 1713 941 1805 damnandum,

36 1870 39 1877 -
88 1810 202 1919 rigida
211 1814 317 1915 stupe
335 1812 480 1888 damnat
488 1811 706 1905 stzluandum.
758 1820 841 1890 Duo
857 1816 942 1890 heic

84 1916 213 2013 scopuli
236 1916 383 1989 vitandi
406 1912 505 1988 sunt:
538 1910 638 2001 sunt,
656 1914 718 2011 qui
738 1910 942 1988 obtrudunt

84 2010 942 2205 pqqqqqoqpipgppes&pqqoqpqpqqsqpaqipqq

432 2156 445 2197 ²

85 2210 140 2301 ali,
168 2234 287 2309 quam
309 2209 374 2309 qui
402 2232 468 2307 pro
502 2209 620 2282 numia
648 2209 769 2307 probis
803 2206 942 2284 adulte·

85 2313 177 2387 rinos
218 2310 261 2383 in
301 2307 564 2383 commercium
596 2307 800 2381 invehuntr
836 2307 940 2399 sunt,

89 2411 142 2501 qui
161 2430 316 2505 ornnem
325 2454 340 2496 ,
366 2409 476 2481 etlam
494 2426 619 2481 veram
635 2405 840 2505 justamque
860 2427 940 2502 pro·

93 2504 307 2581 habilitatem
354 2523 528 2605 tanquam
571 2503 721 2604 speciem
761 2508 940 2579 duntaxat

88 2602 309 2680 &umbram
332 2605 410 2679 veri
439 2600 631 2704 aspiciunt,
666 2604 940 2701 abutanturque

85 2700 155 2778 luae
167 2726 261 2781 voce
275 2702 324 2777 ad
334 2702 530 2777 calumnias
540 2702 795 2776 innocentibus
808 2699 940 2776 struen-

85 2804 157 2876 das.
203 2803 334 2879 Nemo
355 2802 452 2879 enim
467 2822 616 2889 eorum,
641 2821 731 2898 quos
757 2798 938 2888 accusant,

85 2901 276 2977 somniavit
291 2922 475 2999 unquam,
496 2896 607 2973 licere
623 2899 718 2997 leqoi
739 2899 938 2997 quamlibet

84 2998 238 3097 speciem
267 2998 367 3087 veti,
398 2996 457 3073 sed
489 2996 598 3072 talem
631 3016 841 3095 tantamque
866 2995 935 3092 spe

84 3100 200 3185 ciem,
224 3116 270 3171 nt
290 3098 449 3197 prudens
463 3117 583 3171 rerum
596 3094 787 3169 aestimator
803 3119 845 3166 ea
863 3117 939 3169 mo·

84 3188 567 3385 qqquppfiqeqdoqppqqpqp
588 3190 938 3375 Epgfcqptqqarmpru‘

229 3494 238 3503 ,
287 3402 290 3407 ·
427 3380 559 3535 ,ΚΗ
782 3400 819 3507 §.
848 3400 947 3488 vu.
