2070 3690
95 211 183 304 514
269 187 362 304 Cup.
394 188 511 309 VII..
545 189 773 275 Oeconomia

94 339 208 415 modo
249 337 404 414 naturaii
442 338 593 438 abipso
626 337 941 427 descendentium,

93 436 245 513 fuerunt
264 435 450 515 moraliter
466 435 618 538 alligarat
634 436 815 514 voluntati
836 437 941 526 nde,

93 554 269 635 tanquam
294 536 422 634 capitis
447 536 615 624 moralis,
641 537 678 611 ὅ(
701 536 738 610 in
765 558 850 610 eum
875 544 950 608 νει·

46 690 49 696 -
93 633 152 710 l'nt
175 631 356 709 transfusae
388 634 425 708 in
450 636 577 709 ordine
602 635 648 708 ad
673 633 940 710 observantiam

95 724 155 806 v'ei
189 728 505 832 transgressionem
536 733 707 831 praecepti
739 729 837 805 esum
870 728 942 804 fru-

95 827 174 907 &us
190 831 361 905 vetantis.
397 832 529 927 Neque
546 827 839 905 adeo-inteilesiu
853 825 942 904 diffi·
970 866 975 885 =

97 929 167 1005 ciie
186 929 260 1003 hoc
282 927 332 1002 est
343 976 356 1018 ,
382 948 533 1026 propter
551 928 664 1005 solum
685 930 843 1028 parentis
861 950 942 1027 pec·

96 1046 220 1102 catum
250 1026 384 1126 privari
408 1024 508 1127 posse
533 1026 724 1125 parvulum
750 1028 855 1101 bonis
880 1027 942 1103 fibi

94 1124 293 1211 indebitis,
325 1147 400 1200 non
430 1126 550 1200 minus
582 1149 690 1221 quarn
716 1126 738 1196 fi
764 1123 837 1222 ipse
861 1149 940 1223 par·

93 1220 205 1298 vuius
220 1222 410 1321 peccasset.v
461 1223 601 1294 Verum
615 1222 803 1318 quomodo
814 1246 942 1320 pecca·

95 1323 125 1396 ti
146 1320 329 1420 originalis
346 1318 427 1393 labe
444 1315 565 1392 inferii
583 1320 669 1394 odio
687 1321 812 1394 divino
840 1323 942 1422 digni

94 1418 134 1494 δι
168 1422 229 1492 irae
260 1414 321 1491 filii
347 1415 565 1504 reddantur,
602 1419 652 1491 ita
676 1437 719 1490 ut
744 1421 813 1492 hae
837 1418 874 1491 in
898 1442 941 1494 re

91 1535 285 1618 peccatum
320 1512 478 1590 alienum
509 1516 657 1613 proprio
689 1538 733 1589 ac
764 1516 941 1613 personali

92 1616 356 1715 aequiparetur,
381 1612 453 1688 hoc
472 1610 713 1711 profundum,
739 1613 940 1687 hocterro·

92 1736 135 1790 re
157 1712 306 1811 pienum
331 1709 540 1810 mysterium
572 1709 653 1798 est,
696 1719 735 1784 in
761 1732 834 1807 quo
863 1734 939 1783 cre-

93 1813 215 1884 dendo
232 1810 284 1884 ita
297 1807 478 1906 sequimur
488 1805 663 1898 Literam,
676 1808 940 1908 quaeqparvuios

91 1911 252 1985 necdum
290 1925 397 1982 natos
427 1906 584 1993 occidit,
622 1927 664 1980 ut
697 1930 773 1982 non
805 1905 941 1981 desera-

92 2027 177 2082 mus
191 1998 371 2106 spr'ritum
392 2009 457 2106 qui
475 1996 664 2095 uiuificat,
698 2009 751 2079 uti
769 2005 940 2105 praeclare

93 2107 186 2180 dixit
224 2101 500 2201 Theologortun
539 2127 739 2178 nonnemo.
814 2110 939 2202 Atque

91 2203 180 2277 hinc
205 2198 275 2290 est,
306 2201 405 2300 quod
435 2202 482 2275 de
503 2200 688 2301 parvulis,
721 2204 782 2299 qui
809 2205 854 2275 ad
881 2205 939 2274 ba·

89 2298 216 2402 priami
250 2300 404 2398 gratiam
439 2322 513 2374 non
545 2302 796 2398 perveniunt,
837 2301 939 2375 varie

89 2399 246 2474 sentiant
267 2397 392 2472 Patres
415 2418 458 2472 ac
479 2397 662 2498 Theologi
673 2447 686 2487 ‚
717 2402 818 2476 varie
837 2401 937 2473 idem

89 2494 322 2597 Augustinus.
371 2497 426 2570 .S.
456 2498 707 2572 Nazianzenus
732 2521 796 2571 eos
821 2497 940 2571 asserit
981 2571 983 2577 Α

88 2620 154 2670 net
175 2593 272 2690 frui*
296 2592 421 2687 caelssi
447 2593 592 2698 gloria,
626 2620 689 2670 nrc
702 2592 896 2696 fhppliciis
913 2620 937 2668 a

82 2690 181 2795 justo
185 2688 331 2795 judicio
348 2689 445 2782 affici
469 2698 546 2791 (y).
595 2696 630 2766 S.
656 2694 865 2785 Ambrosius
888 2695 938 2767 di·

88 2795 173 2881 cit,
206 2785 392 2866 habituros
415 2807 525 2891 poenae
557 2791 848 2880 immunitatem,
869 2788 940 2886 std

106 2914 152 2963 on
179 2896 282 2992 regni
303 2886 468 2965 honorem
493 2892 576 2984 (z).
644 2895 677 2960 S.
713 2891 934 2990 Augustinus

84 2989 189 3087 quis,
214 2991 287 3077 ait,
313 2983 513 3079 dubitabit,
536 2988 713 3089 parvulos
732 3015 801 3066 non
819 2983 933 3088 bapti·

831 3102 934 3162 nator

127 3214 183 3298 (y)
210 3215 302 3283 Onn'
313 3223 347 3282 in
363 3214 402 3286 S.
417 3217 597 3288 hereum,
648 3221 704 3307 (a)
723 3218 763 3288 L.
774 3180 818 3284 sie
832 3212 934 3287 Aira-

186 3289 255 3364 ham
270 3322 297 3367 e.
313 3293 371 3367 ult.
