2070 3690
34 60 55 225 i
135 159 409 277 fflstoricoseo
430 102 713 277 Controuerfiu¹
730 163 813 261 &o
844 190 926 283 731

65 310 230 405 'auden
258 309 472 409 &uterque
487 311 630 411 l'agius.
671 313 813 388 Verum
831 314 930 407 esto,

51 404 325 511 Jooocedamus
346 408 480 508 aliquid
497 408 653 485 adversae
675 413 788 509 partis
805 411 928 489 anuo·

87 509 165 587 riuti
181 506 271 582 sane
283 510 418 607 gravi,
442 510 542 607 quod
556 505 769 607 neutiquam
785 510 924 587 inficiae

83 630 135 683 oo:
157 607 404 681 ‘admittamus
422 605 553 682 fabium
577 609 676 705 quod
698 606 833 683 {auum
856 609 928 687 effe

84 730 144 781 ooo
164 705 384 792 credimus,
412 705 603 803 quidinde
630 724 759 780 contra
782 708 926 783 Pontifi-

26 812 37 897 ᾗ
84 802 212 881 usfulli
228 803 391 877 nesciam
416 804 630 900 potestatem
654 807 840 894 heretici,
864 826 928 883 aut

26 904 38 975 t'
83 902 161 979 mole
186 900 326 977 feriati
345 902 473 977 Critici
494 905 643 978 demum
668 908 826 979 eruent?
863 905 929 980 La·

26 993 36 1029 ·’
60 1060 63 1067 .
83 1000 151 1101 psus
178 1001 235 1076 est
273 998 507 1075 Marcellinus
540 1018 693 1100 urgente
721 999 928 1101 graviffimo

85 1100 200 1175 mortis
227 1118 356 1185 metu,
391 1099 478 1172 thus
500 1099 662 1174 adolevit
686 1100 812 1175 idolis:
839 1125 929 1201 ergo

49 1194 59 1219 ¹
82 1197 244 1283 Pontifex
260 1222 282 1271 e
299 1197 508 1283 Cathedra‚
519 1216 560 1271 ut
571 1198 743 1287 dicimus,
759 1196 928 1296 loquens,

66 1296 119 1371 'oc
135 1296 297 1393 supremi
314 1294 463 1370 Pastoris
481 1297 517 1371 δι
538 1296 670 1372 Christi
686 1297 725 1371 in
741 1299 846 1371 terris
862 1301 931 1372 Vi·

30 1396 47 1415 '
83 1396 156 1471 urii
176 1416 338 1469 munere
363 1390 537 1492 fungens,
577 1397 724 1492 quondo
756 1396 930 1473 universe

83 1492 234 1571 uoeuae
255 1491 342 1565 fidei
353 1494 485 1591 dogma
504 1495 727 1569 credendum
741 1498 930 1592 proponit,

85 1616 239 1684 errorem
249 1594 302 1664 -in
327 1589 399 1664 fide
424 1594 655 1666 committere
678 1592 815 1688 potest,
848 1595 929 1691 quit

85 1690 149 1781 est,
175 1692 339 1789 quinon
364 1689 506 1781 videat,
532 1713 641 1788 quam
664 1689 758 1765 male
786 1691 930 1768 conclu·

86 1790 471 1891 datargumentumi,
922 1786 926 1793 ’

435 1982 470 2081 q.
492 1981 594 2058 vm.

137 2115 415 2232 Controuerfio
443 2124 543 2202 circo
574 2115 876 2207 inmaculatam

144 2314 148 2327 Ι
259 2231 434 2335 Deiporae
469 2229 745 2331 Conceptionem.

416 2526 419 2531 ‚
442 2428 580 2503 cxxi.

88 2579 321 2713 Hucusque
354 2573 612 2651 controverfias
647 2572 816 2673 exposui,
852 2586 937 2667 *quoe

175 2680 349 2755 Patribus
385 2676 422 2748 ὃ(
467 2672 668 2772 Theologis
709 2670 938 2745 interceffere

91 2802 163 2853 eum
197 2774 352 2852 diverfis
384 2770 605 2847 diversorum
645 2788 855 2869 temporum
890 2767 938 2843 se·

91 2875 165 2965 uis,
192 2878 231 2953 δι
247 2871 437 2949 erroribus
451 2869 535 2944 fidei
553 2868 753 2944 Catholicae
766 2870 938 2968 dogmata

88 2974 346 3053 infestantibus.
398 2971 606 3065 Sequuntur
625 2990 722 3043 nunc
742 2964 828 3056 illae,
854 2987 938 3064 quoe

90 3073 169 3151 saiva
204 3072 299 3148 fidei
346 3072 474 3142 unione
508 3067 605 3139 inter
637 3064 729 3165 ipsos
761 3062 939 3139 nouom

90 3170 304 3253 catholicos
333 3187 467 3251 exortu
490 3162 659 3256 fuerunt,
693 3165 859 3265 equibus
884 3184 941 3233 ce·

468 3267 560 3343 Ana
582 3283 607 3359 4
814 3258 943 3337 lebtio·
965 3320 972 3335 ..
