2084 3690
120 216 202 316 ²48
460 197 585 313 Capul
622 191 657 282 l
687 222 690 229 ’
834 275 840 281 .

113 386 203 464 gens
236 357 417 450 Hebraa3
455 381 530 433 non
566 357 718 456 quidem
742 354 848 458 illios*
873 358 976 435 omni

112 484 160 539 ex
184 479 288 560 parte
312 457 545 556 compofi'tae,
572 479 655 555 qnae
680 455 808 537 nolitis
832 476 978 559 tempo·

112 559 211 651 ribus
236 560 273 632 in
299 560 364 631 ulu
389 555 468 643 est,
510 554 569 630 sed
596 553 783 656 simplicis,
809 575 976 632 attamen

112 655 326 746 numerosa,
348 678 391 730 ac
412 655 549 729 ciendis
569 653 715 734 aurium
742 655 780 729 ἃ
806 656 976 731 cordium

113 751 322 831 suaviffimis
347 751 449 828 senfis
474 773 567 828 natae
591 751 776 853 fastaeque.
851 754 974 839 Moses

58 846 60 852 ’
110 857 175 929 vix
196 875 306 927 -mare
350 853 576 951 erythraeum
607 874 693 928 cum
723 850 864 951 populo
904 854 997 949 Dei⁸

23 978 27 983 ·
112 952 203 1027 ficco
229 951 322 1050 pede
347 949 591 1049 transgressus,
616 970 661 1025 ut
685 974 755 1047 pro>
779 972 887 1028 tanto
916 954 975 1028 be··

111 1049 243 1125 neficio
270 1070 391 1151 grates
417 1052 569 1124 Numini
597 1070 756 1150 ageret,
795 1050 831 1123 in
868 1072 973 1126 coetn

109 1146 275 1224 tiirornm
297 1169 427 1224 notum
452 1148 540 1222 illud
560 1147 599 1224 &
616 1145 974 1248 magnificum'Can·

8 1256 20 1281 ²
111 1250 226 1323 ticum
265 1251 425 1322 concinit
454 1271 480 1330 3.
511 1248 627 1323 Maria
660 1249 805 1322 interim
852 1247 971 1326 sorore

109 1367 188 1444 tym
216 1367 325 1420 annm
351 1343 542 1444 pulsante,
576 1347 747 1516 idemgne
783 1344 970 1424 canticum

108 1371 348 1543 prolgquente
371 1443 466 1539 inter
492 1445 626 1519 choros
650 1467 667 1517 r
690 1444 874 1542 liquatum
893 1471 969 1522 mn·

107 1544 252 1629 lictum,
276 1567 348 1641 qna
373 1565 469 1616 voce
494 1566 566 1642 qna
590 1542 731 1617 mnficis
756 1542 967 1637 instrumen-

108 1644 155 1715 tis
183 1640 399 1716 ludentlum.
425 1644 505 1737 (x)
566 1642 687 1717 David
710 1662 842 1716 autem·
866 1647 968 1734 Rex,

106 1740 349 1840 Cytharaedus
375 1738 434 1814 ille
461 1735 708 1827 nobilillimus,
726 1741 822 1815 hanc
850 1765 967 1818 artem

107 1838 289 1913 &coluit
325 1837 424 1938 ipse,
461 1839 496 1913 n
530 1839 670 1912 cultum
703 1840 966 1934 ejus-mirifice

104 1939 332 2037 propagavit.
392 1938 491 2010 Nam
534 1956 577 2011 ut
614 1936 718 2012 sacris
757 1939 965 2042 divinisque

103 2031 233 2110 officiis
259 2034 484 2130 majestatem
512 2035 745 2124 conciliaret,
787 2030 966 2116 inter‘tot

102 2154 279 2232 tantaque
305 2159 344 2208 re
372 2137 406 2208 ni
423 2135 570 2233 negotia
588 2133 862 2234 quamplurima
878 2161 964 2214 can-

22 2304 25 2308 .
99 2232 173 2308 tica
199 2159 422 2330 compngit,
445 2230 687 2306 instrumenta
715 2234 848 2310 mufica
874 2259 963 2313 con·

98 2329 184 2402 strui
210 2330 377 2413 curavit,
410 2328 626 2404 Levitarnm
651 2328 807 2407 chorum
832 2358 965 2419 nume.

98 2421 309 2502 rofillimum
333 2425 513 2511 instituit,
550 2428 599 2533 ita
625 2449 670 2504 ut
695 2428 791 2505 festis
817 2433 961 2530 praelet·

97 2531 173 2625 tim,
190 2526 317 2600 diebus
340 2538 463 2612 totum
487 2526 795 2616 Tabernacnlum,
824 2531 864 2607 ἂ
880 2557 961 2610 om·

95 2626 296 2701 nis'mons·
318 2625 404 2700 Sion
430 2622 643 2725 symphonia
668 2651 776 2703 aures
812 2629 852 2705 oc
875 2648 959 2709 ‘cor-

95 2723 142 2797 da
167 2722 397 2797 demulcente
422 2724 616 2799 resonaret.
685 2726 842 2827 Templo
871 2753 958 2808 con·

93 2816 225 2908 strutio
252 2812 381 2921 qnater
405 2822 505 2897 mille
545 2823 726 2903 Cantores
762 2825 954 2908 constituti

64 2915 264 3004 luerunt,
281 2916 285 2929 ’
305 2922 447 3017 ‘qulbus
496 2920 640 3020 Alaplr,
671 2918 864 3013 -He'man,
916 2928 957 3007 &

91 3016 253 3091 ldithum
294 3020 459 3093 ‘celebres
498 3021 537 3094 in
576 3022 647 3096 hac
681 3043 759 3097 arte
792 3024 955 3125 magistri

88 3112 388 3214 praeficiebantur,
406 3136 461 3199 ut.
477 3140 543 3227 eos
566 3119 607 3199 ln
629 3122 730 3199 omni
756 3122 957 3241 votnm&
