2084 3690
44 196 47 201 ·
140 182 197 273 94
421 151 581 271 -Caput
617 152 696 241 lli.
778 202 782 209 ·

142 312 380 393 subministrat
412 316 657 401 Honoratus,
691 314 759 409 (r)
791 310 881 407 dum
905 313 986 393 nit-r

141 415 186 493 id
207 410 403 512 corrrplec'fi,
434 408 604 514 quidquid
621 413 750 486 rarius
784 410 842 489 ἔθ’..
852 416 990 513 pretia:

137 514 206 612 stus
224 510 323 587 Eccle
335 534 371 583 ra
386 510 526 610 poffidet
538 508 727 608 ficundum
749 508 987 611 Scriptum.

139 614 307 695 Alterum
336 608 415 682 sunt
439 609 533 684 Aua
562 608 784 697 Sannorum,
813 632 897 709 quae
916 634 989 689 nou

137 711 255 787 'lulum
283 711 485 807 Martyrum
509 707 606 809 gesta
630 711 802 809 produnt,
817 712 877 783 sed
903 708 991 791 aliu.

141 834 223 887 rum
247 830 561 907 quorumcunque,
584 825 769 907 quotquot
793 819 880 894 tuto
904 810 990 885 orbe

143 908 344 992 coluntur,
377 905 438 980 vel
470 931 491 981 a
524 907 764 1007 Scriptoribus
787 906 990 985 Catholicis
1024 920 1030 941 ¹

142 1007 382 1091 celebrarint,
399 1006 453 1087 uti
477 1003 607 1079 titulus
631 1005 734 1101 operi
756 1002 925 1102 prnfixus
941 1003 987 1081 lu·

143 1111 278 1207 quitur.
305 1158 311 1165 ,
336 1106 394 1177 De
417 1105 472 1178 his
497 1104 616 1205 inquit
640 1104 737 1177 idem
756 1103 988 1187 Honoratum

142 1209 265 1296 „Una
291 1200 452 1301 proselio
478 1222 558 1276 erat
581 1202 742 1277 Societas
764 1198 881 1301 JElu,
912 1222 991 1307 quoe

141 1354 167 1395 ‚,
184 1322 329 1383 tantum
352 1324 485 1374 munus
511 1298 702 1398 susciperet
725 1319 838 1399 atque
863 1298 989 1401 persul-

141 1450 168 1491 ,‚
187 1420 324 1473 verer:
365 1399 526 1489 Sucietas
558 1401 707 1496 inquam
742 1398 990 1497 amplitudinis

141 1548 169 1589 „
188 1498 334 1572 summae
356 1518 466 1596 atque
500 1495 701 1596 supientiae,
732 1492 992 1573 ardentislimo·

83 1719 86 1725 ·
142 1645 171 1689 ''
183 1621 259 1770 31⁰⁰
271 1595 654 1793 lli‘glrlldle‘ssss:
676 1592 992 1795 {lilim

140 1745 166 1787 n
232 1744 244 1785 5
892 1784 897 1789 ,
936 1778 939 1783 .

144 1843 172 1885 ,,
187 1796 245 1869 riti
274 1794 354 1867 sunt
377 1790 507 1868 Saulii.
530 1842 555 1881 ‚,
620 1794 732 1890 Juvat
757 1794 881 1893 magni
906 1816 994 1895 ope·

140 1896 193 1971 ris
218 1893 326 1984 hujus
352 1893 527 1993 originem
555 1889 592 1985 ὃς
618 1886 880 1990 progrolliones
901 1914 991 2009 ,puu-

143 1992 197 2079 cis
235 1990 443 2066 deleribere.
522 1990 737 2065 Heriberrus
756 1986 992 2073 Roswerdus

142 2085 409 2185 Ultraiellensrs
434 2092 470 2162 S.
494 2089 527 2187 J.
553 2109 661 2162 natus
685 2112 742 2161 an.
769 2100 896 2180 1589.
918 2087 993 2165 mi·

142 2212 246 2263 mum
272 2188 406 2281 adjecit
429 2186 476 2261 ad
501 2187 597 2261 vitas
619 2184 834 2261 §anulorum
859 2211 883 2261 e
911 2204 992 2305 pru·

26 2348 31 2367 ,
140 2288 236 2361 batis
262 2288 494 2384 antiquorum
518 2284 990 2387 mouumentisintegrrtati

140 2382 211 2457 surr
241 2382 502 2472 restituendas,
532 2385 633 2483 quod
678 2382 864 2459 confilium
897 2384 992 2461 sede·

130 2476 215 2557 'cim
239 2482 484 2557 voluminibus
508 2480 681 2583 perficere
704 2481 915 2579 constituit:
934 2480 992 2557 sed

139 2584 259 2685 primo
283 2580 446 2657 absoluto
472 2581 510 2655 &
534 2583 571 2655 in
597 2580 717 2655 lucem
749 2582 850 2656 edito
872 2582 991 2665 ino'tte

137 2702 348 2781 praevemus
372 2680 450 2755 aliis
475 2678 634 2754 laborem
660 2678 766 2753 istum
788 2680 992 2776 relinquere

137 2777 286 2854 cualius
314 2777 377 2853 est.
450 2778 571 2873 Hujus
603 2778 640 2852 in
670 2777 793 2853 locum
825 2774 993 2857 suffeuus

135 2878 295 2976 joannes
325 2874 520 2953 Bollandus
549 2875 689 2975 Belga,
729 2895 839 2951 natus
882 2874 993 2951 Tille-

134 2976 267 3051 muntii
297 2998 395 3051 anno
426 2987 556 3066 1596.
581 2978 745 3065 eiusdem
770 2974 992 3061 societatis,

134 3068 235 3148 aliud
258 3075 375 3173 magis
405 3075 563 3147 arduum
595 3074 833 3177 amplumque
853 3072 993 3169 inllitu·

718 3196 720 3200 ‘
760 3221 763 3228 ·
896 3192 992 3254 ,tum

214 3269 285 3350 (t)
308 3263 474 3350 Differm.
494 3266 575 3332 Tum.
587 3288 616 3333 1.
