2084 3690
131 221 213 279 100
267 258 275 269 ‚
465 186 593 308 Caput
632 188 712 281 III.
798 130 843 233 Ἰ
919 186 923 193 ’

125 355 216 428 ratis
245 349 343 426 libris
378 352 537 428 edendas
572 375 743 443 curaret,
781 357 895 432 etiarn
913 359 982 434 ·Bi·

127 453 208 527 bliis
240 450 458 552 Polyglottis
492 452 726 551 conficiendis
757 478 910 554 operam
934 460 984 533 in·

126 549 298 626 defessam
331 553 509 638 navavit,
543 575 625 651 quae
648 553 701 627 ita
727 551 808 627 sunt
830 555 984 655 adpella-

127 672 184 740 ta,
210 651 309 821 pund
336 652 596 750 Autographos
622 672 766 740 textus,
790 654 828 727 ἃ
852 657 983 733 horum

126 752 165 825 in
196 752 273 823 aiis
306 749 439 848 linguis
471 750 791 848 interpretationes
822 753 985 853 compie-

128 847 283 945 &antun
335 848 476 922 Primus
500 853 593 923 tanti
619 866 697 924 rem
721 852 945 927 munientia

127 946 263 1048 greiius
289 946 340 1022 est
362 947 583 1047 Augustinus
613 949 836 1120 ¹pustinianus
856 948 927 1025 0..
945 870 997 1027 g:

128 1047 270 1122 Genuae
296 1068 403 1122 natus
432 1067 536 1140 ¹470·
561 1070 609 1147 po
641 1072 685 1123 ea
701 1046 824 1148 Episco
854 1072 900 1123 us
915 1051 983 1123 Ne·

128 1146 305 1221 bionensts
339 1147 380 1221 in
401 1145 558 1220 Corstca.
636 1147 703 1221 Vir
727 1149 788 1221 hic
853 1148 984 1223 rientr·

126 1246 218 1320 lium
243 1245 449 1344 linguarum
474 1239 716 1360 peritiffimus,
734 1269 824 1417 puae
839 1248 877 1320 in
895 1252 984 1321 Aca·

102 1345 248 1417 *demia
273 1340 449 1418 Parifiensr
473 1341 706 1425 instauravit,
752 1368 835 1420 acra
871 1342 984 1420 Bibha

127 1444 291 1543 quinque
326 1439 489 1540 linguis,
526 1440 683 1518 i’salrnos
717 1467 808 1518 vero
843 1442 985 1527 ostonis

68 1609 71 1618 .
126 1543 262 1628 edidit,
300 1542 336 1613 in
361 1541 518 1615 totidem
545 1540 735 1619 columnas
760 1541 922 1617 divisore
947 1543 986 1617 in

125 1644 244 1742 prima
268 1660 411 1717 textum
435 1640 664 1726 hebraicum,
690 1642 728 1714 in
752 1639 910 1715 secunda
938 1638 984 1715 la·

127 1743 244 1816 tinam
259 1762 383 1814 textus
399 1737 598 1832 aristonem,
614 1742 651 1813 in
667 1740 776 1815 tertia
786 1738 985 1840 vulgatam,

126 1844 165 1914 in
191 1860 320 1941 quarta
352 1861 525 1938 graecam,
563 1840 600 1912 in
633 1841 760 1937 quinta
791 1841 984 1913 Arabicam
1022 1889 1024 1893 -

126 1941 503 2035 interpretationem,
542 1938 578 2010 in
618 1937 715 2010 sexta
756 1934 985 2038 paraphrafin

128 2038 367 2114 Chaldaicam
389 2037 565 2109 hebraicis
596 2033 865 2111 charaiieribua
899 2050 985 2113 con·

126 2138 317 2233 scriptam,
351 2137 388 2232 in
413 2133 564 2230 septima
590 2135 739 2210 latinam
763 2130 863 2209 istius
886 2150 985 2236 para·

127 2234 263 2333 phrasis
296 2231 511 2325 perstarem,
548 2235 586 2306 in
616 2233 796 2333 postrema
828 2230 987 2309 breviffi·

127 2350 207 2406 mas
234 2331 586 2415 animadverfiones‚
619 2334 828 2431 Judaeorum
851 2328 987 2429 potiffi·

127 2445 231 2504 mum
259 2432 440 2504 erroribus
465 2430 647 2530 oppofita's
668 2432 877 2509 collocavita
925 2432 987 2507 Al·

128 2543 187 2606 ¹ter
212 2526 387 2604 memoria
412 2530 609 2604 immortaii
635 2528 766 2629 dignus
794 2530 866 2605 fuir
881 2531 987 2605 Fran·-

128 2631 242 2705 ciscus
264 2631 484 2713 Ximenius,
511 2628 608 2703 sacra
632 2643 793 2730 purpura
818 2629 987 2729 inhghiS,

128 2733 166 2803 &
190 2732 298 2802 mitta
329 2727 538 2812 Toletana,
578 2740 686 2802 natus
717 2746 814 2803 anno
857 2750 987 2824 1457.

127 2826 201 2900 Hic
236 2820 370 2925 magne
416 2830 569 2911 animo,
612 2829 824 2926 majoreque
865 2826 988 2902 sumtu

100 2927 266 3094 'prande
297 2949 391 3024 opus
421 2923 691 3020 Complurenfis
715 2926 870 3015 Birria,
914 2929 988 3003 He·

155 3024 271 3110 raico,
288 3025 430 3117 ¹Gracco
456 3026 574 3099 LXX.
600 3024 987 3123 Interprerum‚·Chai·

129 3122 235 3197 daico
267 3122 306 3195 δι
337 3125 468 3197 Latino
501 3146 605 3196 textu
629 3123 811 3198 illustratae
837 3127 986 3200 inchoa⁴

62 3314 66 3319 ,
115 3220 198 3310 -vit,
223 3223 263 3299 ἃ
288 3219 510 3321 comparatis
530 3225 669 3321 ingenti
694 3227 813 3324 pretio
833 3228 987 3318 (60600

923 3347 985 3399 au·
