2084 3690
93 214 101 220 ’
217 186 229 247 ²
316 205 477 320 Abufirr
501 154 666 300 Critirae.
850 212 936 322 169

87 372 243 469 critica·
311 373 352 447 in
376 374 439 448 'his
469 396 533 449 ore
565 369 734 449 latissimo
767 371 941 472 praefatur

86 468 239 557 nudor,
252 471 426 549 invenisse
450 474 484 547 se
509 473 663 547 modum
687 472 725 548 dr
750 474 846 547 viam
861 492 943 571 per·

88 572 261 647 veniendi
296 571 341 644 ad
366 570 552 648 sublimem
579 570 732 647 scientie
758 595 802 645 ac
826 570 944 645 audii

90 671 204 745 tionis
231 674 396 769 gradum,
423 672 511 768 quin
533 694 625 768 opus
651 672 691 745 fit
716 669 827 745 invisa
846 668 946 741 schn-

91 766 210 845 laturn
237 771 360 843 limina
389 769 565 845 salutate:
608 794 681 845 non
705 769 802 844 aliud
826 768 945 866 requi·

90 870 152 955 ri,
179 891 292 967 quam
317 867 473 942 sedulam
500 871 677 959 ejusmodi
701 868 874 942 librorum
897 865 946 939 se·

91 964 280 1050 dionem,
312 986 444 1066 utpote
474 969 648 1066 temporis
674 990 717 1039 ac
743 968 859 1041 atatis
884 986 946 1065 ge·

90 1067 154 1139 nio
179 1068 577 1141 accommodatarum:
616 1084 802 1164 repertum
834 1064 877 1137 iti
906 1065 946 1138 in

90 1163 163 1239 iliis
184 1184 259 1239 tres
283 1167 459 1239 maximas
484 1165 610 1250 dotes,
649 1165 782 1262 quibus
813 1159 947 1260 absque

91 1256 309 1337 difficultate
353 1266 389 1337 in
420 1265 520 1338 omni
557 1264 771 1339 eruditionis
810 1282 947 1361 genere

91 1358 310 1437 eristimatio
336 1382 497 1462 quantoe
524 1385 564 1437 os
591 1362 792 1460 comparari
825 1356 946 1460 possrt.

91 1462 235 1537 uarum
261 1465 375 1560 prima
401 1461 450 1535 est
475 1388 656 1559 eseganria
687 1461 725 1537 δι
758 1462 854 1534 nitor
879 1457 945 1532 lin·

91 1582 194 1661 guae3
211 1558 389 1658 -fiquidem
412 1561 486 1634 hoc
511 1579 676 1657 tempore
701 1579 776 1632 tam
802 1552 950 1632 concio·

90 1672 142 1735 'ne
165 1677 341 1733 texuntur
372 1657 577 1744 sermones,
609 1657 730 1730 verbis
767 1677 842 1730 tarn
870 1656 949 1729 ido·

94 1757 174 1831 neis
189 1805 201 1844 ‚
235 1778 310 1833 tam
339 1760 430 1830 bene
457 1755 664 1844 collocatis,
701 1776 774 1829 tarn
801 1751 947 1839 fluidis,

95 1876 248 1954 tamque
271 1855 433 1940 blandis,
467 1860 511 1928 u't
536 1854 608 1929 slve
632 1876 759 1928 vetum
789 1852 861 1927 srve
884 1850 949 1927 sai-

96 1954 174 2029 sum
200 1955 298 2028 dicas
325 1956 457 2053 (quod
483 1977 611 2055 parurn
645 1951 801 2027 solicitos
834 1951 950 2024 habet

94 2052 206 2129 hosce
237 2053 456 2153 scriptores)
495 2056 636 2128 animus
668 2074 742 2126 non
773 2049 955 2124 mediocri·

95 2150 340 2229 obsediatione
366 2152 570 2227 deliniatur.
619 2150 761 2235 Astera,
788 2150 887 2248 quod
911 2147 949 2220 fi·

94 2276 145 2329 ne
169 2249 243 2326 ulla
266 2250 339 2325 sere
363 2252 551 2338 molestia,
584 2272 664 2353 quae
689 2252 724 2325 in
749 2246 949 2324 enodandis

96 2349 300 2425 scholarum
327 2349 598 2424 difficultatibus
629 2349 680 2425 est
704 2346 952 2437 absorbenda,

97 2450 139 2524 ἃ
165 2448 234 2523 stne
269 2447 449 2545 profunda
480 2450 539 2521 illa
568 2448 804 2545 quaestionum
837 2447 954 2545 spino·

96 2549 235 2624 sarum—
249 2547 506 2645 disquisitione,
539 2569 648 2644 quam
674 2543 954 2644 speculationem

81 2650 247 2726 nocant,
273 2649 436 2723 invenire
461 2643 541 2744 quis
566 2641 672 2745 poffit
686 2665 814 2718 omnes
840 2643 952 2714 abun·

98 2746 148 2821 de
178 2745 251 2840 jam
287 2747 496 2844 explanatas
530 2746 566 2815 in
601 2743 697 2816 libris
727 2743 784 2815 his
819 2740 954 2825 novis,

90 2842 281 2920 'unacum
309 2844 484 2918 methodo
513 2845 558 2914 de
582 2843 624 2915 iis
651 2840 822 2939 loquendi
849 2860 956 2913 more

99 2964 176 3019 non
201 2943 335 3017 triviali
361 2943 398 3016 ἃ
423 2945 484 3042 qui
510 2940 667 3014 scholam
683 2939 793 3023 oleat,
813 2936 871 3012 sed
887 2960 954 3021 no·

99 3042 164 3117 bisi
190 3064 233 3116 ac
253 3041 366 3117 libero
392 3043 540 3116 homine
564 3043 687 3211 diffno.
750 3038 896 3125 Tertia„
915 3036 956 3111 dt

100 3162 186 3239 quae
209 3145 389 3240 praecipua
413 3137 487 3227 est,
521 3162 593 3239 quo
650 3160 707 3212 ree
731 3136 963 3213 addiscantut
1027 3215 1030 3223 7

81 3260 183 3347 '5⁰’
213 3241 277 3341 qui
301 3239 412 3317 hodie
441 3240 661 3433 apfrd5Vims
683 3234 964 3437 pru-dentes&
