2070 3690
148 228 179 322 4
394 195 523 318 caput
549 200 584 288 I.
612 197 778 293 Natum

89 436 92 441 .
146 362 488 454 immaterialem,
515 365 552 439 dt
567 362 781 458 fhrmnlem:
810 367 927 443 habet
950 367 1001 457 sm,

147 466 337 565 principia,
362 461 619 537 auctoritatem
646 463 799 550 scilicet,
823 466 1001 562 coniefio:

148 589 256 652 ram,
286 563 325 637 ἃ
348 563 675 653 coniuctudinem,
715 587 737 639 e
762 566 903 662 quibus
925 590 1003 643 coo·

147 662 325 738 clufiones
367 659 445 735 suas
490 664 666 736 deducit:
698 664 812 738 habet
848 669 1001 767 denique

146 761 329 937 {tgulas}1
341 783 497 859 quatum
521 785 593 861 ope
617 765 794 862 dogmata
817 762 882 843 sua
904 758 1017 877 &ei

162 883 224 937 ata
241 884 305 936 mo
330 880 466 934 eratne.
971 894 981 903 ·

565 1034 610 1112 11.

219 1158 279 1235 De
304 1158 361 1233 his
377 1176 423 1232 ut
441 1158 568 1234 ordine
583 1180 725 1260 agatur,
748 1156 916 1261 artisque
940 1162 1000 1237 hn-

144 1262 204 1358 jus
230 1253 450 1333 nobiiissimae
474 1279 604 1331 natura
636 1259 674 1332 dt
701 1258 842 1336 indoles
872 1260 999 1337 elatine

144 1357 400 1460 perspiciatur,
424 1359 471 1429 de
496 1347 624 1432 cauffis
647 1359 765 1456 primo
790 1359 878 1433 ioco
904 1356 999 1435 diist·

143 1481 226 1534 rere
262 1456 421 1530 brevitet
459 1453 657 1546 constitui3
697 1457 737 1531 ἃ
770 1460 928 1556 quidem
957 1450 1001 1534 ad

143 1553 363 1645 Efficientem
394 1556 494 1653 quod
526 1554 694 1644 adtinet,
724 1580 799 1630 non
832 1581 913 1633 una
946 1554 1000 1633 sed

141 1656 249 1731 multi
278 1655 335 1730 lex
360 1653 498 1729 occasio
525 1652 615 1743 fuit,
646 1676 729 1752 quae
759 1655 861 1729 Viris
887 1652 999 1733 dofflt

140 1779 232 1830 nece
261 1775 390 1829 itatem
421 1753 593 1852 imposuit
626 1753 672 1827 ad
707 1752 868 1829 Critices
903 1755 998 1831 disci·

141 1854 277 1955 plinam
313 1851 541 1926 formandam
579 1850 859 1953 colendamque.
944 1856 995 1929 io·

140 1955 266 2054 primis
290 1952 469 2024 barbaries
490 1949 572 2038 illa,
595 1973 676 2049 quae
701 1949 782 2049 post
807 1976 926 2031 aurea
946 1974 996 2029 at·

167 2073 349 2147 enteaque
374 2047 492 2131 secula
516 2050 553 2123 in
577 2047 747 2148 linguas,
785 2048 996 2223 scrigt'utas,

205 2149 314 2223 libros
339 2145 461 2221 senfim
488 2146 521 2221 se
550 2147 770 2229 immiscuit,
794 2170 844 2247 po
902 2168 998 2227 oenec

139 2271 231 2324 vero
256 2242 431 2321 &ferrea
461 2244 569 2345 pleno
606 2246 712 2325 alveo
746 2245 816 2321 stie
850 2248 995 2331 infindit·

140 2340 316 2422 Succeffit
336 2345 458 2418 medio
480 2339 702 2444 potifflmum
732 2365 812 2419 aevo
839 2368 996 2446 quorun·

140 2447 225 2521 dam
253 2442 348 2517 malt
371 2441 484 2531 fides,
518 2467 590 2542 qua
622 2445 737 2542 turpis
761 2441 854 2519 lucri
880 2448 995 2547 gratia

138 2541 265 2643 paffim
300 2536 440 2616 fabulas
479 2543 517 2616 dt
554 2561 765 2617 commenta
796 2568 864 2643 pro
899 2545 994 2621 verit

139 2641 242 2719 faens
269 2663 380 2741 atque
402 2636 555 2717 historiis
579 2663 643 2714 ore
669 2664 712 2714 ac
740 2639 883 2719 calamo
908 2666 996 2719 ven·

139 2744 338 2816 diderunt:
381 2738 535 2813 aliorum
567 2762 657 2812 vero
692 2741 847 2813 nimium
874 2742 994 2829 bona,

139 2863 212 2935 qua
236 2839 305 2913 ine
331 2834 504 2913 ulteriore
528 2836 716 2937 indagine,
742 2838 1005 2941 praemiiioquo.

139 2936 306 3009 examine
332 2935 511 3031 ¹eiusmodi
537 2934 713 3035 figmenta
736 2938 774 3021 in
798 2937 932 3040 scripta
956 2938 993 3015 dt

138 3032 249 3109 libros
276 3031 356 3109 suos
379 3031 613 3110 transtulere:
646 3034 854 3134 aliquorum
882 3040 993 3114 etiam

138 3133 345 3217 temeritas,
380 3134 443 3232 qui
478 3155 589 3232 puros
612 3130 734 3208 sontes
758 3135 992 3219 infecerunt,

138 3232 177 3307 dt
204 3228 345 3307 sinceris
371 3230 634 3308 narrationibus
659 3229 795 3308 somma
819 3234 882 3311 iun
901 3234 993 3333 ,libe-

788 3432 796 3437 ..
901 3328 905 3339 '
938 3322 991 3411 τί
