2084 3690
166 156 364 295 thonum.
376 184 529 281 critica
540 184 650 281 artis.
785 214 840 307 93

68 354 92 427 ia
120 350 334 451 Pamphili,
369 350 509 429 illustris
544 351 741 451 Martytis,
780 354 841 430 cui

68 450 159 527 :citia
181 446 416 546 junuiffimu's
442 473 531 539 erat,
558 451 744 527 communi
764 450 843 529 sato

68 546 185 625 tablis
217 546 295 626 abia
332 570 498 628 veterum
533 550 736 650 Martyrum
775 549 845 626 litt·¹

68 646 96 725 se
136 648 312 749 collegit,
350 649 454 743 cujus
489 670 611 725 tamen
650 647 848 725 voluminis

68 746 133 821 mis
160 752 320 848 epitome
343 747 460 847 aliqua
488 748 664 849 superest:
692 748 779 846 quin
802 748 845 825 δι

89 845 183 921 libro
198 850 399 943 Martyrum
426 846 605 923 billoriam
631 846 845 945 complexus

73 942 172 1019 idem
198 945 380 1033 Eusebius,
403 942 461 1020 sed
485 945 629 1021 illorum
655 946 845 1035 duntaxat,

83 1046 310 1143 temporibus
332 1043 398 1119 illis
431 1046 467 1117 in
495 1044 674 1119 l’alaeliio'a
707 1046 844 1143 langui·

68 1156 174 1315 ζετο
197 1139 342 1217 Christo
367 1139 549 1217 fuderunt.
603 1140 726 1219 Post‘ea
750 1164 841 1218 vero

128 1262 190 1314 ere
216 1242 402 1339 scriptores
423 1243 582 1341 quidam,
599 1264 644 1316 ut
666 1240 751 1326 dixi,
765 1262 844 1317 ma·

68 1336 222 1424 emuli,
258 1340 321 1438 qui
346 1362 571 1441 quaecunque
596 1368 617 1416 a
644 1340 842 1436 Maioribus

106 1438 153 1513 de
188 1436 390 1536 Martyrum
425 1440 461 1512 ὅ(
495 1438 706 1515 Sanllorum
737 1438 842 1539 gestis

68 1538 133 1617 tati
161 1538 349 1610 audierant
364 1584 376 1622 ,
409 1536 470 1610 vel
502 1563 575 1611 non
601 1542 692 1611 bene
714 1536 844 1613 descri-

84 1632 276 1735 'lege'rant‚
309 1636 440 1708 additis
472 1659 546 1708 non
575 1658 656 1709 raro
693 1659 713 1708 e
743 1657 841 1733 penu

78 1733 269 1831 epibdiis,
302 1752 439 1808 temere
469 1732 567 1807 libris
594 1732 665 1807 ¹suis
689 1736 845 1808 inserue-

68 1848 94 1905 t.
121 1900 123 1905 ,
154 1833 230 1906 ¹lta
255 1855 343 1905 vera
379 1833 416 1907 ἃ
443 1830 525 1905 falsa
551 1831 621 1904 fine
645 1831 847 1909 discrimine

68 1954 87 2003 ι
112 1920 323 2005 Sanllorum
349 1929 492 2030 copiose
517 1932 552 2003 in
569 1929 720 2004 Ecclesia
742 1922 844 2005 fuere

68 2026 265 2123 implicata,
304 2053 377 2107 nuo
410 2030 479 2102 sme
509 2029 707 2104 multorum
740 2027 845 2127 supra

68 2150 129 2227 pus
157 2125 367 2226 sapientium
393 2125 581 2221 justilsunis
600 2126 766 2299 poetelio,
781 2131 845 2201 de·

68 2226 215 2311 :otium
248 2248 306 2301 tot
336 2251 427 2303 vero
462 2230 581 2301 minus
620 2228 753 2314 imilia,
785 2244 845 2301 tot

68 2342 133 2404 ita,
160 2324 245 2423 quio
272 2326 308 2398 ἃ
334 2324 416 2399 falsa
441 2328 478 2399 io
503 2328 655 2427 negotio
675 2348 750 2400 tam
771 2322 847 2399 sao·

93 2444 158 2523 per
189 2422 359 2503 [cclesias
389 2428 466 2522 spat
491 2426 501 2498 i
540 2450 583 2499 ac
613 2422 848 2499 circumferri.

68 2540 138 2593 :em
173 2523 284 2621 igitur
328 2523 364 2595 in
392 2544 451 2594 me
479 2545 536 2595 em
587 2546 661 2597 non
692 2522 849 2596 alienam

81 2616 179 2693 ibam
217 2618 360 2692 immifit
385 2622 534 2694 Critica.
607 2620 693 2693 Duo
733 2618 850 2691 solum

68 2738 76 2791 t
99 2714 292 2817 specimina
318 2719 474 2816 prolem,
489 2718 625 2792 caetetis
649 2715 849 2791 illustriora.

68 2838 157 2909 pum
185 2816 236 2888 eli
261 2817 394 2916 infigne
426 2841 544 2916 opus,
576 2816 635 2890 seu
666 2816 748 2890 Aua
773 2814 852 2914 pri·

68 2934 131 2995 nm
151 2914 356 3014 Martyrum
365 2916 507 3011 stncera
525 2906 721 3009 &schism
751 2912 853 3012 quod

83 3012 122 3087 Ρ.
145 3014 407 3088 ·Tbeodorit.us
440 3016 648 3087 Ruinattius
670 3006 719 3093 O.
748 3014 783 3087 S.
808 3014 849 3086 B.

68 3110 338 3213 longtegutiooe
387 3112 419 3187 S.
460 3112 577 3184 Mauri
618 3116 713 3211 typis
748 3110 851 3185 dedlt

68 3208 133 3287 illia
165 3236 222 3287 ao.
253 3220 383 3315 1689,
416 3211 520 3309 cujus
543 3211 656 3289 breve
671 3209 846 3381 ‘tlogpuae

778 3329 803 3380 u
