2084 3690
146 136 415 316 Antiquitares
439 193 704 287 ldebrnorum.
800 207 893 319 163

58 385 124 437 nna
150 362 196 437 ad
222 361 255 436 se
278 362 483 448 adtrahere,
508 384 577 436 nec
604 360 664 436 lua
688 359 885 442 distrahere
945 368 947 379 '

58 460 135 537 teile
168 458 308 561 posset,
340 482 406 535 aut
441 457 635 558 grandibus
671 459 800 539 debitis
836 465 884 542 ad

58 559 191 659 inpiam
230 561 388 660 redigi,
430 562 563 656 Neque
598 561 709 634 etiam
754 586 800 642 ex
839 565 884 639 iis

58 661 231 758 uidq'uam
258 658 396 735 solvere
422 657 639 735 tenebantur
664 681 793 760 praeter
814 664 885 761 pri·

58 761 151 833 litias
179 760 216 834 ὅ(
242 759 425 834 decimata
453 762 551 835 unde
574 783 679 859 pares
704 758 779 835 fere
805 785 885 836 om-

58 856 134 932 ibus
160 857 366 945 facultates,
394 883 462 935 nec
484 859 587 932 locus
613 861 794 946 avaritiae,
817 881 884 936 aut

57 959 150 1030 imiae
194 961 380 1058 potentiae.
455 958 599 1033 Caetera
635 982 709 1032 non
749 982 883 1059 magna
981 958 985 967 '

57 1058 194 1132 ecuniae
221 1078 354 1156 paratae
380 1057 436 1130 vis
462 1057 499 1132 dt
526 1052 630 1152 copia
654 1060 691 1140 in
712 1055 883 1134 Hebraeu·

58 1179 114 1229 um
147 1155 331 1256 republica
364 1153 465 1229 fuille
499 1158 678 1230 videtur:
709 1155 884 1234 foenerarl

58 1256 127 1329 nim
154 1256 250 1334 inter
276 1256 309 1329 l'e
335 1253 559 1353 prohibitum
583 1252 664 1354 ipis
687 1276 777 1344 erat,
796 1280 883 1331 con·

58 1351 165 1428 ellum
191 1355 452 1443 tantummodo
483 1375 568 1428 curn
599 1355 757 1442 exteris,
795 1378 882 1431 cum

58 1455 164 1540 uibus
189 1474 313 1528 tamen
346 1452 526 1552 plerisque
550 1453 613 1527 vix
639 1453 787 1551 aliquod
812 1453 884 1531 fun

58 1555 320 1637 ummercium,
358 1571 489 1648 utpote
518 1550 589 1624 alia
626 1551 708 1650 lege
734 1554 884 1627 interdi-

58 1651 156 1749 lum,
196 1652 329 1748 Neque
352 1650 473 1722 Deum
500 1649 568 1723 illis
591 1650 783 1748 promifille
808 1650 884 1750 pal·

58 1773 94 1822 m
113 1752 159 1823 -in
197 1752 230 1824 S.
258 1750 442 1847 Scriptura
465 1748 620 1847 legimus
645 1773 794 1836 aurum,
825 1774 882 1823 ur·

58 1868 200 1938 entum,
226 1868 292 1924 aut
316 1846 454 1942 lapides
477 1847 652 1945 pretiolos
671 1868 784 1946 atque
802 1851 883 1937 tire·

58 1972 183 2025 turos:
211 1946 269 2022 sed
294 1941 441 2021 mellem
467 1947 634 2030 uberem,
661 1949 885 2022 vindemiam
975 2012 978 2027 ,

58 2049 211 2134 ivitem,
238 2045 426 2145 pluviam,
454 2043 650 2119 sementem
676 2032 886 2144 copiosam,
934 2092 937 2107 ι

60 2149 222 2221 orrea&
249 2145 360 2220 cellas
381 2145 457 2220 vini
481 2143 600 2219 oleive
624 2143 760 2242 plenas,
788 2145 886 2219 ferti·

58 2269 105 2320 tm
130 2247 321 2320 hominum
347 2267 391 2320 ac
415 2267 568 2343 gregum
592 2245 799 2340 regionem,
814 2269 886 2418 pas
985 2295 988 2308 .

58 2368 136 2461 em,
162 2343 420 2431 securitatem,
455 2343 563 2417 &de
588 2339 748 2419 hostibus
774 2344 811 2419 vi

58 2465 136 2520 ram.
477 2464 495 2477 ··

385 2520 552 2636 xxxv.
665 2590 668 2595 ·
785 2658 789 2663 ἡ

248 2674 341 2774 Res
387 2681 675 2798 Vestiarin

108 2798 320 2900 De'vellitu
348 2819 586 2898 thtaeorum
609 2818 774 2896 universe
801 2819 888 2896 licet

58 2922 299 3009 renunciare,
325 2922 425 3020 quod
445 2920 747 3008 murinorum,
771 2917 823 3024 itp
848 2919 889 2995 δε

58 3021 191 3098 *estium
219 3019 450 3119 fimplicitate,
479 3017 513 3093 le
539 3019 891 3105 commendaverint.

849 2365 887 2419 0·

58 3117 227 3198 lerebant
251 3118 448 3218 oblongas,
473 3119 525 3193 ita
551 3136 697 3204 tamen,
724 3138 768 3191 ut
792 3115 892 3212 apud
935 3153 937 3159 ·

58 3223 138 3300 ires
162 3215 256 3295 infre
280 3241 400 3323 genua
437 3241 512 3293 nun
534 3214 799 3303 descenderint,
822 3236 919 3300 nee

352 3330 356 3350 ¹
417 3317 486 3394 La
524 3394 538 3425 ,x
817 3335 897 3387 rna·
966 3340 976 3353 ’

836 3472 841 3480 ,
900 3448 960 3476 ι.
