<?xml version="1.0" encoding="UTF-8"?>
<!DOCTYPE html PUBLIC "-//W3C//DTD XHTML 1.0 Transitional//EN"
    "http://www.w3.org/TR/xhtml1/DTD/xhtml1-transitional.dtd">
<html xmlns="http://www.w3.org/1999/xhtml" xml:lang="en" lang="en">
 <head>
  <title>
</title>
<meta http-equiv="Content-Type" content="text/html;charset=utf-8" />
  <meta name='ocr-system' content='tesseract 3.04.00' />
  <meta name='ocr-capabilities' content='ocr_page ocr_carea ocr_par ocr_line ocrx_word'/>
</head>
<body>
  <div class='ocr_page' id='page_1' title='image "./bibliothecadome00manngoog_0610.png"; bbox 0 0 2084 3690; ppageno 0'>
   <div class='ocr_carea' id='block_1_1' title="bbox 357 209 1010 325">
    <p class='ocr_par' dir='ltr' id='par_1_1' title="bbox 357 209 1010 325">
     <span class='ocr_line' id='line_1_1' title="bbox 357 209 1010 325; baseline 0.006 -21"><span class='ocrx_word' id='word_1_1' title='bbox 357 209 701 325; x_wconf 73' lang='lat' dir='ltr'>Abrlsus··Crliitn.</span> <span class='ocrx_word' id='word_1_2' title='bbox 758 255 763 267; x_wconf 92' lang='lat'><strong>·</strong></span> <span class='ocrx_word' id='word_1_3' title='bbox 877 234 955 319; x_wconf 82' lang='lat'>181</span> <span class='ocrx_word' id='word_1_4' title='bbox 1007 224 1010 229; x_wconf 70' lang='grc'>’</span> 
     </span>
    </p>
   </div>
   <div class='ocr_carea' id='block_1_2' title="bbox 83 371 1034 873">
    <p class='ocr_par' dir='ltr' id='par_1_2' title="bbox 83 371 1034 873">
     <span class='ocr_line' id='line_1_2' title="bbox 119 371 960 477; baseline 0.001 -25"><span class='ocrx_word' id='word_1_5' title='bbox 119 373 320 477; x_wconf 76' lang='lat' dir='ltr'>Gregorius</span> <span class='ocrx_word' id='word_1_6' title='bbox 343 372 546 468; x_wconf 76' lang='lat' dir='ltr'>Turonenstr</span> <span class='ocrx_word' id='word_1_7' title='bbox 565 376 730 449; x_wconf 82' lang='lat' dir='ltr'>erravit:</span> <span class='ocrx_word' id='word_1_8' title='bbox 747 371 960 476; x_wconf 63' lang='lat' dir='ltr'>&amp;Ephrem</span> 
     </span>
     <span class='ocr_line' id='line_1_3' title="bbox 102 472 959 575; baseline 0.005 -28"><span class='ocrx_word' id='word_1_9' title='bbox 102 473 363 570; x_wconf 77' lang='lat' dir='ltr'>Damascenus,</span> <span class='ocrx_word' id='word_1_10' title='bbox 378 472 559 575; x_wconf 69' lang='lat' dir='ltr'>Evagrio</span> <span class='ocrx_word' id='word_1_11' title='bbox 582 477 696 549; x_wconf 85' lang='lat' dir='ltr'>minus</span> <span class='ocrx_word' id='word_1_12' title='bbox 714 474 959 570; x_wconf 65' lang='lat' dir='ltr'>amarunt,</span> 
     </span>
     <span class='ocr_line' id='line_1_4' title="bbox 114 569 960 674; baseline 0.001 -25"><span class='ocrx_word' id='word_1_13' title='bbox 114 571 249 671; x_wconf 82' lang='lat' dir='ltr'>decepti</span> <span class='ocrx_word' id='word_1_14' title='bbox 280 569 363 662; x_wconf 73' lang='lat' dir='ltr'>fient</span> <span class='ocrx_word' id='word_1_15' title='bbox 397 578 437 646; x_wconf 83' lang='lat' dir='ltr'>in</span> <span class='ocrx_word' id='word_1_16' title='bbox 463 570 602 661; x_wconf 76' lang='lat' dir='ltr'><em>censura</em></span> <span class='ocrx_word' id='word_1_17' title='bbox 625 571 718 667; x_wconf 85' lang='lat' dir='ltr'>stra,</span> <span class='ocrx_word' id='word_1_18' title='bbox 750 571 827 650; x_wconf 69' lang='lat' dir='ltr'>&amp;a</span> <span class='ocrx_word' id='word_1_19' title='bbox 860 576 960 674; x_wconf 88' lang='lat' dir='ltr'>quod</span> 
     </span>
     <span class='ocr_line' id='line_1_5' title="bbox 83 668 982 773; baseline 0.001 -24"><span class='ocrx_word' id='word_1_20' title='bbox 83 724 86 729; x_wconf 84' lang='lat'><em>-</em></span> <span class='ocrx_word' id='word_1_21' title='bbox 113 670 335 749; x_wconf 85' lang='lat' dir='ltr'>Pontificum</span> <span class='ocrx_word' id='word_1_22' title='bbox 353 669 523 769; x_wconf 83' lang='lat' dir='ltr'>potestati</span> <span class='ocrx_word' id='word_1_23' title='bbox 541 668 820 773; x_wconf 77' lang='lat' dir='ltr'>audioritatique</span> <span class='ocrx_word' id='word_1_24' title='bbox 839 678 960 750; x_wconf 84' lang='lat' dir='ltr'>minus</span> <span class='ocrx_word' id='word_1_25' title='bbox 972 696 982 724; x_wconf 82' lang='grc'>’-</span> 
     </span>
     <span class='ocr_line' id='line_1_6' title="bbox 115 768 1034 873; baseline -0.001 -26"><span class='ocrx_word' id='word_1_26' title='bbox 115 792 264 873; x_wconf 78' lang='lat' dir='ltr'>aequum</span> <span class='ocrx_word' id='word_1_27' title='bbox 279 768 329 844; x_wconf 84' lang='lat' dir='ltr'>-se</span> <span class='ocrx_word' id='word_1_28' title='bbox 351 770 517 871; x_wconf 71' lang='lat' dir='ltr'>prebeat.</span> <span class='ocrx_word' id='word_1_29' title='bbox 858 790 861 795; x_wconf 84' lang='lat'>·</span> <span class='ocrx_word' id='word_1_30' title='bbox 993 800 996 805; x_wconf 94' lang='lat'>·</span> <span class='ocrx_word' id='word_1_31' title='bbox 1031 772 1034 777; x_wconf 77' lang='grc'>’</span> 
     </span>
    </p>
   </div>
   <div class='ocr_carea' id='block_1_3' title="bbox 84 936 1039 3408">
    <p class='ocr_par' dir='ltr' id='par_1_3' title="bbox 84 936 1039 3408">
     <span class='ocr_line' id='line_1_7' title="bbox 118 936 960 1051; baseline 0.005 -30"><span class='ocrx_word' id='word_1_32' title='bbox 118 936 122 943; x_wconf 72' lang='grc'><strong>’</strong></span> <span class='ocrx_word' id='word_1_33' title='bbox 185 947 319 1051; x_wconf 86' lang='lat' dir='ltr'>Neque</span> <span class='ocrx_word' id='word_1_34' title='bbox 355 947 541 1039; x_wconf 81' lang='lat' dir='ltr'>Laupoius</span> <span class='ocrx_word' id='word_1_35' title='bbox 568 948 607 1023; x_wconf 80' lang='lat' dir='ltr'>dr</span> <span class='ocrx_word' id='word_1_36' title='bbox 634 944 843 1023; x_wconf 88' lang='lat' dir='ltr'>Ruinartius</span> <span class='ocrx_word' id='word_1_37' title='bbox 867 948 960 1025; x_wconf 86' lang='lat' dir='ltr'>adeo</span> 
     </span>
     <span class='ocr_line' id='line_1_8' title="bbox 113 1042 963 1131; baseline -0.002 -10"><span class='ocrx_word' id='word_1_38' title='bbox 113 1042 239 1121; x_wconf 82' lang='lat' dir='ltr'>felices</span> <span class='ocrx_word' id='word_1_39' title='bbox 273 1043 448 1131; x_wconf 85' lang='lat' dir='ltr'>fuerunt,</span> <span class='ocrx_word' id='word_1_40' title='bbox 484 1062 528 1120; x_wconf 89' lang='lat' dir='ltr'>ut</span> <span class='ocrx_word' id='word_1_41' title='bbox 552 1048 608 1120; x_wconf 91' lang='lat' dir='ltr'>vir</span> <span class='ocrx_word' id='word_1_42' title='bbox 634 1042 733 1120; x_wconf 88' lang='lat' dir='ltr'>ulam</span> <span class='ocrx_word' id='word_1_43' title='bbox 765 1044 963 1121; x_wconf 86' lang='lat' dir='ltr'>censoriam</span> 
     </span>
     <span class='ocr_line' id='line_1_9' title="bbox 115 1070 964 1223; baseline -0.007 0"><span class='ocrx_word' id='word_1_44' title='bbox 115 1144 270 1223; x_wconf 78' lang='lat' dir='ltr'>aliorum</span> <span class='ocrx_word' id='word_1_45' title='bbox 287 1145 525 1218; x_wconf 70' lang='lat' dir='ltr'><strong>criticorum</strong></span> <span class='ocrx_word' id='word_1_46' title='bbox 536 1070 728 1217; x_wconf 63' lang='lat' dir='ltr'>evalerint:</span> <span class='ocrx_word' id='word_1_47' title='bbox 745 1142 882 1218; x_wconf 87' lang='lat' dir='ltr'>&#39;Primo</span> <span class='ocrx_word' id='word_1_48' title='bbox 898 1144 964 1217; x_wconf 85' lang='lat' dir='ltr'>ob·</span> 
     </span>
     <span class='ocr_line' id='line_1_10' title="bbox 113 1240 966 1339; baseline -0.002 -22"><span class='ocrx_word' id='word_1_49' title='bbox 113 1244 263 1338; x_wconf 82' lang='lat' dir='ltr'>jiciunt,</span> <span class='ocrx_word' id='word_1_50' title='bbox 290 1242 391 1339; x_wconf 90' lang='lat' dir='ltr'>quod</span> <span class='ocrx_word' id='word_1_51' title='bbox 416 1243 489 1317; x_wconf 87' lang='lat' dir='ltr'>duo</span> <span class='ocrx_word' id='word_1_52' title='bbox 514 1241 634 1319; x_wconf 81' lang='lat' dir='ltr'>Orosti</span> <span class='ocrx_word' id='word_1_53' title='bbox 657 1240 738 1317; x_wconf 90' lang='lat' dir='ltr'>loca</span> <span class='ocrx_word' id='word_1_54' title='bbox 758 1243 966 1328; x_wconf 80' lang='lat' dir='ltr'>vitiaverit,</span> 
     </span>
     <span class='ocr_line' id='line_1_11' title="bbox 113 1339 965 1443; baseline -0.001 -28"><span class='ocrx_word' id='word_1_55' title='bbox 113 1340 200 1443; x_wconf 81' lang='lat' dir='ltr'>pluo</span> <span class='ocrx_word' id='word_1_56' title='bbox 233 1344 271 1415; x_wconf 91' lang='lat' dir='ltr'>in</span> <span class='ocrx_word' id='word_1_57' title='bbox 302 1339 585 1441; x_wconf 78' lang='lat' dir='ltr'>multiplicandis</span> <span class='ocrx_word' id='word_1_58' title='bbox 608 1341 841 1441; x_wconf 86' lang='lat' dir='ltr'>antiquorum</span> <span class='ocrx_word' id='word_1_59' title='bbox 868 1340 965 1414; x_wconf 88' lang='lat' dir='ltr'>telli-</span> 
     </span>
     <span class='ocr_line' id='line_1_12' title="bbox 84 1438 1039 1538; baseline -0.002 -23"><span class='ocrx_word' id='word_1_60' title='bbox 84 1440 260 1528; x_wconf 58' lang='lat' dir='ltr'>*mooiio</span> <span class='ocrx_word' id='word_1_61' title='bbox 287 1464 394 1538; x_wconf 87' lang='lat' dir='ltr'>quam</span> <span class='ocrx_word' id='word_1_62' title='bbox 421 1442 458 1514; x_wconf 89' lang='lat' dir='ltr'>in</span> <span class='ocrx_word' id='word_1_63' title='bbox 483 1438 697 1537; x_wconf 76' lang='lat' dir='ltr'>stabiliendis</span> <span class='ocrx_word' id='word_1_64' title='bbox 721 1438 964 1529; x_wconf 82' lang='lat' dir='ltr'>desudaverit,</span> <span class='ocrx_word' id='word_1_65' title='bbox 1034 1474 1039 1485; x_wconf 74' lang='lat'>=</span> 
     </span>
     <span class='ocr_line' id='line_1_13' title="bbox 114 1535 964 1627; baseline -0.001 -12"><span class='ocrx_word' id='word_1_66' title='bbox 114 1539 156 1615; x_wconf 82' lang='lat' dir='ltr'>dr</span> <span class='ocrx_word' id='word_1_67' title='bbox 176 1535 490 1627; x_wconf 69' lang='lat' dir='ltr'>,celebratiffimam</span> <span class='ocrx_word' id='word_1_68' title='bbox 522 1538 793 1613; x_wconf 84' lang='lat' dir='ltr'>translationem</span> <span class='ocrx_word' id='word_1_69' title='bbox 819 1539 964 1614; x_wconf 82' lang='lat' dir='ltr'>Domus</span> 
     </span>
     <span class='ocr_line' id='line_1_14' title="bbox 113 1639 972 1736; baseline -0.005 -23"><span class='ocrx_word' id='word_1_70' title='bbox 113 1639 330 1713; x_wconf 82' lang='lat' dir='ltr'>Lauretanae</span> <span class='ocrx_word' id='word_1_71' title='bbox 352 1655 570 1736; x_wconf 85' lang='lat' dir='ltr'>argumento</span> <span class='ocrx_word' id='word_1_72' title='bbox 592 1654 770 1735; x_wconf 77' lang='lat' dir='ltr'>negante,</span> <span class='ocrx_word' id='word_1_73' title='bbox 790 1660 864 1734; x_wconf 89' lang='lat' dir='ltr'>quo</span> <span class='ocrx_word' id='word_1_74' title='bbox 884 1659 972 1734; x_wconf 69' lang='lat' dir='ltr'>per-=</span> 
     </span>
     <span class='ocr_line' id='line_1_15' title="bbox 110 1731 963 1835; baseline -0.005 -24"><span class='ocrx_word' id='word_1_75' title='bbox 110 1756 232 1835; x_wconf 72' lang='lat' dir='ltr'>petuo</span> <span class='ocrx_word' id='word_1_76' title='bbox 254 1737 396 1821; x_wconf 87' lang='lat' dir='ltr'>utitur,</span> <span class='ocrx_word' id='word_1_77' title='bbox 427 1731 631 1809; x_wconf 83' lang='lat' dir='ltr'>convellere</span> <span class='ocrx_word' id='word_1_78' title='bbox 653 1753 807 1809; x_wconf 82' lang='lat' dir='ltr'>conatus</span> <span class='ocrx_word' id='word_1_79' title='bbox 833 1732 963 1824; x_wconf 90' lang='lat' dir='ltr'>fuerit,</span> 
     </span>
     <span class='ocr_line' id='line_1_16' title="bbox 107 1828 965 1929; baseline 0.001 -24"><span class='ocrx_word' id='word_1_80' title='bbox 107 1834 225 1929; x_wconf 80' lang='lat' dir='ltr'>eujus</span> <span class='ocrx_word' id='word_1_81' title='bbox 262 1853 385 1907; x_wconf 85' lang='lat' dir='ltr'>tamen</span> <span class='ocrx_word' id='word_1_82' title='bbox 426 1832 617 1929; x_wconf 71' lang='lat' dir='ltr'>levitatem</span> <span class='ocrx_word' id='word_1_83' title='bbox 663 1831 771 1909; x_wconf 89' lang='lat' dir='ltr'>solide</span> <span class='ocrx_word' id='word_1_84' title='bbox 808 1828 965 1907; x_wconf 87' lang='lat' dir='ltr'>ollendit</span> 
     </span>
     <span class='ocr_line' id='line_1_17' title="bbox 115 1927 965 2032; baseline -0.004 -25"><span class='ocrx_word' id='word_1_85' title='bbox 115 1930 357 2032; x_wconf 83' lang='lat' dir='ltr'>Theophylus</span> <span class='ocrx_word' id='word_1_86' title='bbox 389 1933 634 2029; x_wconf 86' lang='lat' dir='ltr'>Rayoaudus,</span> <span class='ocrx_word' id='word_1_87' title='bbox 671 1954 715 2003; x_wconf 88' lang='lat' dir='ltr'>ac</span> <span class='ocrx_word' id='word_1_88' title='bbox 744 1927 886 2006; x_wconf 76' lang='lat' dir='ltr'>invidiis</span> <span class='ocrx_word' id='word_1_89' title='bbox 911 1954 965 2004; x_wconf 87' lang='lat' dir='ltr'>ra·</span> 
     </span>
     <span class='ocr_line' id='line_1_18' title="bbox 106 2028 966 2128; baseline 0 -27"><span class='ocrx_word' id='word_1_90' title='bbox 106 2032 278 2107; x_wconf 78' lang='lat' dir='ltr'>tionibus</span> <span class='ocrx_word' id='word_1_91' title='bbox 310 2030 348 2104; x_wconf 81' lang='lat' dir='ltr'>dt</span> <span class='ocrx_word' id='word_1_92' title='bbox 373 2028 587 2125; x_wconf 83' lang='lat' dir='ltr'>testimoniis</span> <span class='ocrx_word' id='word_1_93' title='bbox 608 2028 725 2128; x_wconf 86' lang='lat' dir='ltr'>ipsam</span> <span class='ocrx_word' id='word_1_94' title='bbox 761 2028 966 2104; x_wconf 82' lang='lat' dir='ltr'>translatio·</span> 
     </span>
     <span class='ocr_line' id='line_1_19' title="bbox 107 2125 967 2215; baseline 0.002 -16"><span class='ocrx_word' id='word_1_95' title='bbox 107 2153 203 2205; x_wconf 81' lang='lat' dir='ltr'>nem</span> <span class='ocrx_word' id='word_1_96' title='bbox 229 2128 391 2203; x_wconf 83' lang='lat' dir='ltr'>defendit</span> <span class='ocrx_word' id='word_1_97' title='bbox 409 2157 438 2205; x_wconf 72' lang='lat' dir='ltr'>r..</span> <span class='ocrx_word' id='word_1_98' title='bbox 458 2130 496 2215; x_wconf 81' lang='lat' dir='ltr'>in</span> <span class='ocrx_word' id='word_1_99' title='bbox 535 2125 661 2203; x_wconf 87' lang='lat' dir='ltr'>Altero</span> <span class='ocrx_word' id='word_1_100' title='bbox 698 2140 967 2213; x_wconf 86' lang='lat' dir='ltr'>monumenta,</span> 
     </span>
     <span class='ocr_line' id='line_1_20' title="bbox 108 2222 966 2328; baseline -0.005 -25"><span class='ocrx_word' id='word_1_101' title='bbox 108 2230 201 2328; x_wconf 80' lang='lat' dir='ltr'>‚quae</span> <span class='ocrx_word' id='word_1_102' title='bbox 225 2226 371 2316; x_wconf 78' lang='lat' dir='ltr'>adfert,</span> <span class='ocrx_word' id='word_1_103' title='bbox 388 2222 470 2302; x_wconf 84' lang='lat' dir='ltr'>latis</span> <span class='ocrx_word' id='word_1_104' title='bbox 495 2225 601 2301; x_wconf 88' lang='lat' dir='ltr'>multi</span> <span class='ocrx_word' id='word_1_105' title='bbox 626 2250 701 2303; x_wconf 90' lang='lat' dir='ltr'>noo</span> <span class='ocrx_word' id='word_1_106' title='bbox 723 2227 892 2327; x_wconf 84' lang='lat' dir='ltr'>probant,</span> <span class='ocrx_word' id='word_1_107' title='bbox 908 2244 966 2301; x_wconf 88' lang='lat' dir='ltr'>ut·</span> 
     </span>
     <span class='ocr_line' id='line_1_21' title="bbox 114 2324 966 2428; baseline -0.001 -29"><span class='ocrx_word' id='word_1_108' title='bbox 114 2346 209 2428; x_wconf 88' lang='lat' dir='ltr'>pote</span> <span class='ocrx_word' id='word_1_109' title='bbox 233 2348 360 2400; x_wconf 87' lang='lat' dir='ltr'>eorum</span> <span class='ocrx_word' id='word_1_110' title='bbox 387 2326 521 2421; x_wconf 80' lang='lat' dir='ltr'>judicio</span> <span class='ocrx_word' id='word_1_111' title='bbox 547 2327 667 2400; x_wconf 83' lang='lat' dir='ltr'>minus</span> <span class='ocrx_word' id='word_1_112' title='bbox 683 2347 760 2401; x_wconf 81' lang='lat' dir='ltr'>rata</span> <span class='ocrx_word' id='word_1_113' title='bbox 775 2324 966 2422; x_wconf 84' lang='lat' dir='ltr'>firmaque,</span> 
     </span>
     <span class='ocr_line' id='line_1_22' title="bbox 106 2420 969 2621; baseline -0.02 -22"><span class='ocrx_word' id='word_1_114' title='bbox 106 2420 969 2621; x_wconf 59' lang='lat' dir='ltr'>interventioni-*etvlv</span> 
     </span>
     <span class='ocr_line' id='line_1_23' title="bbox 116 2616 967 2718; baseline -0.007 -21"><span class='ocrx_word' id='word_1_115' title='bbox 116 2624 247 2705; x_wconf 82' lang='lat' dir='ltr'>tiniaoi</span> <span class='ocrx_word' id='word_1_116' title='bbox 262 2624 357 2695; x_wconf 89' lang='lat' dir='ltr'>MM.</span> <span class='ocrx_word' id='word_1_117' title='bbox 369 2620 442 2713; x_wconf 68' lang='grc' dir='ltr'>ἃς.</span> <span class='ocrx_word' id='word_1_118' title='bbox 452 2672 456 2679; x_wconf 88' lang='grc'><strong>-</strong></span> <span class='ocrx_word' id='word_1_119' title='bbox 467 2618 715 2703; x_wconf 69' lang='lat' dir='ltr'>Adversarius</span> <span class='ocrx_word' id='word_1_120' title='bbox 725 2641 872 2718; x_wconf 82' lang='lat' dir='ltr'>quoque</span> <span class='ocrx_word' id='word_1_121' title='bbox 884 2616 967 2693; x_wconf 79' lang='lat' dir='ltr'>suos</span> 
     </span>
     <span class='ocr_line' id='line_1_24' title="bbox 107 2715 970 2821; baseline -0.002 -30"><span class='ocrx_word' id='word_1_122' title='bbox 107 2718 250 2797; x_wconf 72' lang='lat' dir='ltr'>mallus</span> <span class='ocrx_word' id='word_1_123' title='bbox 288 2719 339 2795; x_wconf 86' lang='lat' dir='ltr'>est</span> <span class='ocrx_word' id='word_1_124' title='bbox 362 2718 549 2821; x_wconf 83' lang='lat' dir='ltr'>Fleurivs,¹</span> <span class='ocrx_word' id='word_1_125' title='bbox 578 2740 736 2818; x_wconf 89' lang='lat' dir='ltr'>quorum</span> <span class='ocrx_word' id='word_1_126' title='bbox 767 2715 970 2809; x_wconf 75' lang='lat' dir='ltr'>onustius</span> 
     </span>
     <span class='ocr_line' id='line_1_25' title="bbox 117 2812 970 2916; baseline -0.006 -22"><span class='ocrx_word' id='word_1_127' title='bbox 117 2819 305 2895; x_wconf 84' lang='lat' dir='ltr'>historiam</span> <span class='ocrx_word' id='word_1_128' title='bbox 327 2818 571 2916; x_wconf 88' lang='lat' dir='ltr'>reprehendit,</span> <span class='ocrx_word' id='word_1_129' title='bbox 584 2839 629 2891; x_wconf 91' lang='lat' dir='ltr'>eo</span> <span class='ocrx_word' id='word_1_130' title='bbox 655 2816 754 2915; x_wconf 92' lang='lat' dir='ltr'>quod</span> <span class='ocrx_word' id='word_1_131' title='bbox 767 2812 860 2891; x_wconf 69' lang='lat' dir='ltr'>falia</span> <span class='ocrx_word' id='word_1_132' title='bbox 873 2836 970 2913; x_wconf 80' lang='lat' dir='ltr'><strong>quae·</strong></span> 
     </span>
     <span class='ocr_line' id='line_1_26' title="bbox 119 2911 970 3014; baseline -0.008 -20"><span class='ocrx_word' id='word_1_133' title='bbox 119 2918 208 2995; x_wconf 77' lang='lat' dir='ltr'>darn</span> <span class='ocrx_word' id='word_1_134' title='bbox 234 2915 316 2991; x_wconf 84' lang='lat' dir='ltr'>satis</span> <span class='ocrx_word' id='word_1_135' title='bbox 339 2937 439 2990; x_wconf 90' lang='lat' dir='ltr'>certa</span> <span class='ocrx_word' id='word_1_136' title='bbox 463 2918 509 2990; x_wconf 85' lang='lat' dir='ltr'>de</span> <span class='ocrx_word' id='word_1_137' title='bbox 530 2919 569 2988; x_wconf 91' lang='grc' dir='ltr'>Β.</span> <span class='ocrx_word' id='word_1_138' title='bbox 594 2918 644 2990; x_wconf 81' lang='lat' dir='ltr'>V.</span> <span class='ocrx_word' id='word_1_139' title='bbox 672 2915 711 2989; x_wconf 70' lang='grc' dir='ltr'>ὅ(</span> <span class='ocrx_word' id='word_1_140' title='bbox 736 2916 797 2989; x_wconf 86' lang='lat' dir='ltr'>SS.</span> <span class='ocrx_word' id='word_1_141' title='bbox 818 2911 970 3014; x_wconf 82' lang='lat' dir='ltr'>Apollo·</span> 
     </span>
     <span class='ocr_line' id='line_1_27' title="bbox 109 3011 971 3119; baseline -0.005 -28"><span class='ocrx_word' id='word_1_142' title='bbox 109 3015 167 3091; x_wconf 81' lang='lat' dir='ltr'>lis</span> <span class='ocrx_word' id='word_1_143' title='bbox 181 3014 336 3093; x_wconf 88' lang='lat' dir='ltr'>lludioso</span> <span class='ocrx_word' id='word_1_144' title='bbox 360 3015 496 3103; x_wconf 77' lang='lat' dir='ltr'>filontio</span> <span class='ocrx_word' id='word_1_145' title='bbox 515 3013 748 3119; x_wconf 54' lang='lat' dir='ltr'>propulerit:</span> <span class='ocrx_word' id='word_1_146' title='bbox 773 3011 863 3089; x_wconf 84' lang='lat' dir='ltr'>alter</span> <span class='ocrx_word' id='word_1_147' title='bbox 877 3012 971 3109; x_wconf 73' lang='lat' dir='ltr'>prim</span> 
     </span>
     <span class='ocr_line' id='line_1_28' title="bbox 108 3108 971 3216; baseline 0 -29"><span class='ocrx_word' id='word_1_148' title='bbox 108 3115 218 3216; x_wconf 63' lang='lat' dir='ltr'>sipia</span> <span class='ocrx_word' id='word_1_149' title='bbox 240 3113 390 3188; x_wconf 80' lang='lat' dir='ltr'>meliora</span> <span class='ocrx_word' id='word_1_150' title='bbox 423 3113 468 3211; x_wconf 80' lang='lat' dir='ltr'>de</span> <span class='ocrx_word' id='word_1_151' title='bbox 492 3108 737 3209; x_wconf 74' lang='lat' dir='ltr'>juris&#39;diffione</span> <span class='ocrx_word' id='word_1_152' title='bbox 763 3108 971 3187; x_wconf 78' lang='lat' dir='ltr'>Ecclesiasti-</span> 
     </span>
     <span class='ocr_line' id='line_1_29' title="bbox 111 3208 973 3383; baseline -0.002 -98"><span class='ocrx_word' id='word_1_153' title='bbox 111 3210 232 3303; x_wconf 64' lang='lat' dir='ltr'>trin</span> <span class='ocrx_word' id='word_1_154' title='bbox 258 3236 306 3291; x_wconf 85' lang='lat' dir='ltr'>eo</span> <span class='ocrx_word' id='word_1_155' title='bbox 336 3208 665 3383; x_wconf 45' lang='lat' dir='ltr'>dessdffltffiplius</span> <span class='ocrx_word' id='word_1_156' title='bbox 694 3210 842 3317; x_wconf 79' lang='lat' dir='ltr'>rigidior</span> <span class='ocrx_word' id='word_1_157' title='bbox 876 3208 973 3287; x_wconf 81' lang='lat' dir='ltr'>forte</span> 
     </span>
     <span class='ocr_line' id='line_1_30' title="bbox 113 3328 973 3408; baseline -0.003 -23"><span class='ocrx_word' id='word_1_158' title='bbox 113 3340 153 3393; x_wconf 68' lang='lat'>¹22,</span> <span class='ocrx_word' id='word_1_159' title='bbox 188 3360 195 3389; x_wconf 82' lang='lat'>¹.</span> <span class='ocrx_word' id='word_1_160' title='bbox 572 3331 590 3405; x_wconf 71' lang='lat'><em>3</em></span> <span class='ocrx_word' id='word_1_161' title='bbox 861 3328 973 3408; x_wconf 67' lang='lat' dir='ltr'>quam</span> 
     </span>
    </p>
   </div>
   <div class='ocr_carea' id='block_1_4' title="bbox 0 0 1053 3690">
    <p class='ocr_par' dir='ltr' id='par_1_4' title="bbox 0 0 1053 3690">
     <span class='ocr_line' id='line_1_31' title="bbox 0 0 1053 3690; baseline 0 0"><span class='ocrx_word' id='word_1_162' title='bbox 0 0 1053 3690; x_wconf 95' lang='lat' dir='ltr'> </span> 
     </span>
    </p>
   </div>
  </div>
 </body>
</html>
