2084 3690
136 202 198 290 μ
397 132 671 280 ’ΜΗ

135 328 362 415 ¹damnabant
382 349 509 421 reum,
541 324 601 399 vel
627 322 871 400 absolvebant.
913 351 997 403 narn

135 435 281 530 ¹absque
307 428 415 522 hujus
452 426 611 499 Concilii
635 427 832 498 Sanhedrin
861 425 997 501 senten·

145 536 197 609 tia
220 527 336 614 nulli,
371 522 481 598 etiam
506 525 682 610 nocenti,
716 525 830 597 vitam
857 528 1000 624 eripere

83 630 87 651 '
140 633 261 713 licuit,
278 626 382 717 cuius
408 626 458 696 rei
484 623 619 721 insigne
643 621 890 713 testimonium
907 646 998 709 tem·

173 752 235 803 ore
265 719 480 823 Reipublicae
515 724 589 808 jam
627 720 832 803 inclinantis
862 722 997 820 praebet

141 756 332 927 iosephus.
360 822 436 916 (d)
498 866 523 906 „
545 821 732 905 Herodes,
758 821 900 916 inquit,
925 826 997 895 An·

147 926 215 1015 „ti
244 922 313 995 atri
338 917 432 992 filius
446 920 623 1016 quosdam
639 918 798 992 latrones
816 917 888 992 fine
901 921 997 996 Con·

141 947 259 1114 ,ciiii
285 1018 459 1093 sententia
485 1015 738 1103 interfecerat,
763 1040 806 1090 ac
831 1020 996 1114 potentia

94 1162 99 1197 ι
146 1170 173 1213 ,‚
189 1120 249 1194 sua
270 1138 447 1203 terrorem
472 1117 641 1189 omnibus
664 1113 852 1191 inferebat.
899 1121 995 1211 Qua·

146 1244 228 1311 „re
255 1216 359 1290 multi
387 1216 586 1289 Hircanum
615 1217 778 1313 Regem,
818 1215 857 1289 δι
882 1241 996 1316 popu·

147 1318 262 1408 „lum
289 1315 425 1389 hortati
452 1311 544 1401 sunt,
572 1334 615 1384 ut
640 1312 755 1410 ipsum
780 1313 928 1389 causam
947 1316 996 1389 di·

145 1464 173 1507 „
188 1415 333 1488 cerein
358 1410 526 1487 Concilio
550 1430 743 1509 cogerent,
802 1413 996 1511 Hyrcanos

145 1564 172 1605 ,‚
189 1522 314 1587 aurem
340 1511 526 1585 Herodem
559 1513 605 1583 ad
628 1508 770 1584 causam
801 1512 840 1584 in
864 1513 997 1591 Conci·

146 1613 233 1707 „lio
260 1612 450 1685 dicendam
476 1607 593 1683 adelie
610 1604 716 1702 julsrt.
766 1608 831 1682 llle
860 1613 997 1685 veroin

146 1710 400 1804 „Concilium
431 1732 517 1782 cum
549 1709 701 1783 cohorte
738 1704 800 1781 sua
837 1712 996 1809 progrel·

145 1810 241 1905 „lus
269 1810 360 1882 adeo
389 1810 522 1881 terruit.
543 1829 692 1891 omnes,
726 1826 770 1878 ut
801 1830 913 1882 nemo
954 1807 997 1882 ad

144 1959 172 2001 „
187 1908 637 1989 accusandumaccedere.
653 1905 815 1987 auderet
888 1906 998 1981 Silen-

144 2054 172 2100 „
190 2007 284 2080 tibus
311 2024 435 2093 autem
458 2006 628 2093 omnibus
651 2026 747 2077 unus
767 2005 928 2091 Samear,
944 2007 999 2079 vir

143 2154 173 2199 „
188 2106 314 2201 justus,
333 2105 443 2177 dixita
469 2105 551 2177 Viti
575 2126 621 2174 ex
647 2101 829 2189 Concilio,
846 2104 885 2177 ἃ
901 2104 998 2180 Rex!

143 2208 309 2297 „credo
337 2206 518 2287 neminem
551 2199 674 2273 vidille
709 2224 872 2299 unquam
909 2203 1000 2277 fimi·

144 2302 258 2393 „lem
275 2301 369 2371 huic
393 2299 438 2375 ali
467 2321 550 2375 uem
578 2298 616 2371 in
640 2303 713 2372 hoc
725 2299 895 2389 Concilio
912 2325 1001 2377 con·

144 2446 171 2491 „
193 2396 380 2471 istentem'.
429 2323 526 2471 liam
552 2399 615 2496 qui
631 2400 705 2471 huc
722 2402 897 2473 accedere
914 2423 1000 2476 con·

143 2540 173 2591 „
192 2498 414 2583 sueverunt,
446 2517 490 2570 ut
516 2495 658 2570 causam
686 2496 827 2585 dicant,
852 2498 1000 2572 humili·

144 2646 172 2689 „
187 2618 243 2671 ter
260 2594 383 2683 astare,
408 2596 446 2671 dr
462 2593 740 2669 misericordiam
766 2621 787 2670 a
809 2597 915 2671 vobis
933 2622 1001 2696 po·

144 2744 172 2786 „
186 2699 281 2781 scere
300 2693 437 2792 capillis
461 2688 656 2792 promiffis,
693 2694 732 2767 ὅ(
757 2693 857 2768 veste
880 2717 1002 2769 atrata

144 2793 279 2884 „soliti
304 2795 395 2866 lunt.
448 2792 521 2867 Hic
544 2814 640 2866 vero.
660 2791 706 2869 de
728 2794 826 2867 caede
853 2793 1000 2869 causam

143 2891 351 2980 „dicineus
369 2954 372 2959 .
390 2888 487 2981 adest
530 2909 771 2989 purpuratus,
806 2893 1000 2993 &capite

143 3037 169 3076 „
184 3009 327 3075 ornato,
353 2988 536 3086 armisque
561 2986 722 3088 stipatus,
746 3009 789 3064 ut
814 2990 848 3085 fij
864 2994 1001 3066 conde·

55 3084 1000 3186 mmfflwmmmffl

565 3226 568 3231 '
784 3272 790 3283 ,
833 3235 882 3279 ι»
903 3205 998 3280 013ῖί

235 3242 310 3357 Ι(ἀῇ
332 3266 464 3361 Liba,
540 3248 608 3377 ἱ...
