2084 3690
8 356 11 361 Ι
98 166 155 352 {0
428 228 555 353 Capul
588 228 667 325 ΙΙΙ.
796 189 810 202 ἃ

97 418 180 472 rum
206 419 353 481 rerum,
386 396 424 473 ὅ(
454 394 624 498 praeclara
649 395 833 489 Malorum
860 384 957 499 sada

100 492 288 583 discimus,
325 516 436 593 atque
462 487 651 572 illustrium
676 495 854 571 Virorum
882 494 954 581 elo

98 593 183 692 gia,
217 595 409 696 inquibus
435 597 622 694 ingenium
661 618 749 673 curn
771 594 954 691 brevitate

98 710 228 766 certat.
292 692 390 769 Alias
433 718 580 791 quoque
620 713 717 773 artes
747 693 956 793 pingendi,

99 788 303 889 sculpendi,
329 790 478 871 aedilicia
503 794 540 868 &
565 796 794 871 munimenta
819 790 953 866 struen-

98 887 154 974 di,
181 890 398 988 navigandi,
430 892 612 967 incidendi
641 894 678 971 in
705 914 772 977 aes,
802 891 874 967 otc.
907 890 953 967 ad

38 1060 40 1064 .
97 986 303 1084 supremum
329 990 433 1092 plane
458 989 638 1093 fastigium
663 986 836 1068 deducus
854 989 951 1065 vide·

97 1108 192 1163 mus.
267 1091 372 1163 llnde
413 1111 537 1165 autern
578 1110 703 1168 tantus
742 1084 885 1165 Philolo
909 1086 949 1163 iae

97 1193 321 1282 proventus?
345 1191 509 1274 mentiar,
538 1188 560 1263 i
586 1212 660 1265 non
686 1189 857 1273 dicam,a
907 1184 950 1263 ri·

98 1282 172 1358 tica
198 1286 289 1361 benc
315 1289 481 1363 ordinata
512 1289 588 1360 haec
613 1288 735 1381 omnia
759 1282 947 1389 proficisci.

96 1381 316 1461 Prodierunr
339 1386 436 1461 enim
467 1386 596 1464 seculis
623 1383 749 1463 nostris
781 1382 950 1460 homines

97 1476 201 1578 supra
225 1484 360 1581 vulgus
385 1481 592 1585 sapientes,
626 1483 715 1562 sanae
748 1480 982 1583 intelligen-s

96 1579 177 1667 tiae,
207 1582 246 1660 δι
271 1585 413 1675 critices
439 1584 635 1658 luminibus
660 1582 781 1683 pleni,
806 1584 870 1687 qui
896 1604 951 1659 at·

31 1743 36 1759 .
95 1695 152 1753 tes
178 1682 216 1759 ὃ(
242 1678 402 1759 scientias
430 1680 595 1781 singulas,
621 1684 676 1759 uti
702 1682 859 1757 antehac
876 1696 957 1755 tra,

94 1778 178 1853 dita
202 1780 381 1883 cultaeque
406 1778 568 1867 luerunt,
592 1804 700 1877 quam
728 1777 790 1861 dili
817 1774 951 1855 entiffi·

21 1898 31 1923 -’
94 1898 155 1953 me
190 1879 447 1969 observantes,
486 1877 727 1983 deprehensos
802 1890 947 1953 eretum

93 1998 236 2053 errores
262 1978 574 2069 sustulerunt-,dr
603 1976 710 2055 novis
735 1974 878 2149 lessibns
902 1976 949 2052 ad

93 2098 155 2148 cas
178 2077 416 2172 perficiendas
439 2076 643 2156 constitutis
658 2080 769 2173 perbo
786 2076 948 2163 iverunt,

92 2175 257 2273 nihilque
282 2178 509 2278 reliquerunt
542 2178 764 2253 intentatum
780 2176 796 2264 ,'
828 2176 948 2250 donec

93 2280 139 2354 ad
157 2277 335 2351 summum
364 2274 587 2373 splendorem
613 2274 825 2351 eveherent.
857 2274 947 2355 Non

93 2372 317 2450 dissimulabo
345 2376 426 2449 heic
450 2371 545 2450 sorte
570 2371 677 2462 illud,
699 2396 775 2473 quo
802 2370 952 2467 adnue·

91 2475 242 2577 grandia
268 2473 453 2551 molimina
479 2473 617 2547 Critice
640 2469 701 2545 ula
733 2468 803 2556 eii,
835 2464 947 2570 praefi·

92 2575 213 2656 dium,
237 2596 368 2677 nempe
395 2566 635 2676 premtrides
648 2567 870 2668 sapientum,
891 2565 945 2642 A·

90 2675 145 2749 sla
166 2669 401 2748 Erudit'orum
415 2720 427 2758 ,
441 2702 449 2715 =
462 2669 701 2747 Narrationes
733 2662 946 2767 Reipublicae

88 2770 282 2855 literaria,
308 2772 537 2847 Monumentn
561 2764 610 2844 nd
629 2761 811 2855 historiam
826 2758 944 2862 scien·

90 2872 227 2946 tiorum
253 2868 299 2947 ἔθ’
322 2865 490 2943 bonarum
511 2868 671 2954 artium,
694 2864 770 2945 &a
793 2918 796 2923 -
823 2868 864 2943 ln
886 2862 943 2941 liis

90 2969 208 3063 enirn,
242 2990 321 3064 quae
351 2991 414 3067 pet
437 2968 677 3045 Eruditorum.
696 2988 826 3043 manus
852 2984 943 3080 quo·

88 3066 178 3143 tidie
203 3064 456 3153 circumeunt,
488 3067 606 3140 omnis
638 3065 780 3164 generis
811 3062 944 3161 scripta

42 3233 45 3238 .
88 3187 174 3237 curn
205 3161 424 3242 Aucioribus
458 3162 526 3239 suis
560 3163 785 3263 compendio,
815 3184 943 3237 recen·

8 3332 12 3347 .
87 3259 236 3357 lentur,
269 3264 475 3368 produntur
506 3283 605 3341 nova
635 3282 787 3365 quaque
813 3260 943 3339 inven-

880 3375 940 3450 ta,
984 3410 988 3431 .·
