2070 3690
93 204 180 296 510
270 184 362 300 Cap.
393 182 483 273 VII.
542 187 770 275 oeconomio

31 327 35 337 ⁴
92 332 175 407 talis
199 331 286 408 iicet
311 333 351 407 fit
374 334 510 408 summa
535 358 581 411 ex
605 359 739 436 genere
764 333 840 424 suo,
864 356 937 410 noo
965 338 970 344 ’

68 449 217 531 'tamen
244 431 295 507 est
320 432 459 507 summa
482 434 520 509 in
544 448 680 535 genere
705 434 793 520 suo,
824 455 939 531 quum

26 590 29 604 .
91 529 263 629 quelibet
291 530 534 607 determinate
570 533 686 607 sumta
717 531 856 629 semper
887 533 939 604 in·

88 631 209 703 veniri
242 626 350 728 poffit
383 631 449 703 alia
484 631 610 722 maior.
663 627 791 732 Major
820 630 939 724 effiiin

14 726 17 733 ’
89 729 138 819 est
162 730 340 831 iniquitat
360 726 491 827 populi
523 732 592 803 mei
608 739 754 828 peccato
781 728 937 803 Sodomo-

91 848 172 900 rum
196 828 286 920 (rn).
344 827 422 930 Qui
445 848 499 901 me
522 824 596 902 tibi
619 826 797 918 tradidit,
823 826 938 928 mque

51 1008 53 1013 ,
82 940 270 1024 peccatam
284 919 406 1010 babet,
427 924 561 1000 scilicet
575 948 728 1026 peccato
746 925 880 1020 Pilati(
905 933 936 1020 ).

1 1072 3 1090 .
88 1027 221 1120 Neque
243 1023 379 1098 inutilis
405 1024 455 1099 est
486 1027 564 1101 haec
587 1024 849 1114 controverti,
884 1025 937 1099 uti

45 1195 48 1207 ,
87 1123 236 1218 quidam
262 1119 349 1196 falso
375 1122 433 1196 fibi
459 1123 692 1219 persuadent,
719 1146 828 1220 quam
854 1146 936 1197 acu·

87 1238 127 1294 te
153 1218 309 1296 traditor
333 1221 474 1294 Theolo
501 1216 535 1309 i,
561 1244 673 1317 quum
700 1243 745 1294 ex
771 1245 814 1294 ea
839 1241 936 1318 pate·

86 1316 152 1392 fiat
176 1320 339 1416 gravius
362 1245 505 1393 offen&
530 1317 629 1408 Dei,
658 1318 699 1392 ’δι
725 1320 852 1421 ingens
876 1343 936 1394 cu·

85 1415 402 1515 juslibetpeccati
427 1416 589 1490 mottaHs
615 1415 777 1504 malitia,
811 1419 938 1514 digna·

113 1505 160 1589 rie
195 1533 237 1587 ut
270 1532 407 1588 aterno
440 1516 609 1612 puniatur
634 1512 829 1612 supplicio,
863 1514 935 1588 five

85 1539 190 1687 inita
223 1608 289 1685 irut
319 1611 459 1687 infinita
491 1610 686 1686 secundum
719 1612 827 1711 quid,
862 1610 934 1685 five

86 1709 292 1809 impliciter
325 1709 466 1784 infinita
502 1712 655 1785 dicatur.
695 1709 848 1785 ‘Altera
884 1707 935 1784 est

86 1808 331 1884 controverfia
355 1808 452 1887 circa
477 1805 630 1895 caussam
657 1811 812 1907 peccati.
846 1810 935 1884 Cer-

86 1929 166 1982 tum
194 1905 273 1997 ost,
308 1905 417 1980 solam
435 1906 663 1981 voluntatem
684 1925 845 1983 creatam
864 1903 935 1981 eiie

86 2005 242 2080 cauiimn
280 2028 344 2102 per
375 2003 409 2076 se
434 2022 545 2098 atque
569 2001 754 2079 auiiorem
779 2007 935 2101 peccati.

85 2106 185 2181 unde
210 2102 421 2196 blasphema
445 2100 496 2175 est
520 2101 728 2203 Zsuinglii,
759 2105 935 2189 Luthcri,

86 2197 232 2276 Calvisi
239 2249 253 2287 ,
268 2199 494 2299 aliorumque
508 2204 742 2276 Novatorum
758 2200 933 2288 doiirina,
952 2258 955 2262 .

85 2303 148 2393 qui
174 2321 259 2375 cum
285 2299 434 2372 Simone
457 2301 591 2414 Mago,
626 2301 836 2388 Marcione,
860 2301 935 2374 Ma·

86 2399 254 2486 nichaeis,
291 2394 574 2486 Priscillianistts,
611 2398 829 2473 seleucianis
861 2398 932 2472 &c

86 2516 151 2570 aut
174 2495 280 2569 claris
304 2496 426 2570 verbis
452 2498 572 2570 Deum
598 2495 782 2570 accionem
807 2521 934 2596 pecca·

85 2596 114 2668 ti
141 2593 302 2683 faciunt,
335 2613 399 2669 aut
432 2616 475 2669 ea
505 2593 628 2670 saitem
659 2593 835 2670 doiirioae
867 2595 933 2670 sut

85 2691 323 2768 fundamenta
349 2690 511 2792 ponunt,
538 2694 712 2791 equibus
738 2717 839 2768 error
858 2713 933 2768 tam

59 2792 218 2893 -itnpius
256 2790 360 2864 facile
395 2792 599 2865 deducitur.
667 2791 729 2866 Lis
764 2793 815 2867 est
848 2816 934 2866 cum

86 2886 281 2966 Thomistis
299 2912 374 2963 non
397 2890 521 2989 paucis
544 2888 652 2983 (sunt
678 2892 776 2965 enirn
802 2913 847 2964 ex
872 2895 934 2965 ho

85 3012 166 3060 rum
184 3010 338 3071 numero
359 2986 487 3085 aliqui,
523 2997 588 3087 qui
608 2990 843 3065 abhorrente
863 2988 934 3065 fen·
959 3047 963 3055 .

84 3089 198 3160 tentia
218 3089 310 3162 adeo
327 3089 445 3182 dura)
468 3084 686 3162 docentibus
710 3089 831 3164 Deum
850 3110 935 3186 prae·

819 3189 935 3267 decer

128 3299 188 3375 (tn)
213 3293 335 3377 &orm
350 3315 376 3362 t.
390 3312 423 3377 4.
469 3300 522 3374 (n)
545 3293 649 3383 yson.
666 3309 719 3389 τῇ
