2084 3690
193 204 215 250 ,·
279 159 493 272 lireologiae
522 155 764 274 Scholastica.
860 169 947 271 531¹

85 304 319 385 libertatern
354 308 528 382 sommum
561 307 749 393 discrimen
782 327 947 384 vocatur.

85 405 227 482 Schola
249 409 438 481 Societatis
463 407 540 506 post
565 406 741 482 Molinam
767 429 851 481 com
871 406 948 505 plo·

84 506 195 580 tinnis
227 505 305 579 aliis
340 507 489 603 gratiam
515 501 700 605 efficacem
734 505 843 579 docet
874 504 946 580 else

85 604 267 678 au'xiliutn
295 605 471 677 divinum¹
492 604 580 701 (leo
605 602 876 678 ill'olltationent
902 626 969 699 ac)
1024 604 1026 608 ’

89 702 362 801 inspirationem
404 701 736 800 supernaturalem>
773 701 948 776 collatum

89 802 131 874 in
148 801 328 895 ejusmodi
350 800 642 888 circumstantiis,
664 802 703 874 in
729 802 858 897 quibus
882 823 948 899 pet

65 897 280 972 ·sc'ientiam
320 901 476 973 mediam
510 920 612 974 cetto
646 898 684 975 &
717 895 948 974 infallibiliter

90 998 337 1095 praevidetur,
364 999 465 1091 qood
480 992 648 1072 offellum
673 996 773 1083 suum
800 997 840 1070 fit
862 1018 947 1072 con·

98 1096 314 1169 secutorum.
364 1095 417 1169 Ex
438 1120 510 1191 quo
536 1115 658 1190 patet,
689 1099 724 1169 io
751 1098 822 1171 ltoc
847 1093 947 1193 syste-

94 1213 197 1269 mate
217 1196 367 1291 gratiam
391 1218 466 1267 non
488 1191 558 1270 csse
576 1192 782 1285 intrinsece,
812 1192 870 1269 sed
888 1213 947 1268 ex·

97 1291 249 1365 trinsece
275 1285 479 1378 efficacem,
518 1305 631 1390 quum
666 1295 807 1370 entitas·
823 1295 948 1391 gtatiae

88 1391 144 1463 tle
170 1390 203 1463 le
229 1413 302 1464 oon
335 1391 376 1463 srt
406 1413 543 1465 conexa
572 1415 657 1465 cunt
690 1393 860 1466 consensu
886 1389 947 1466 vel

89 1485 264 1562 dissensu:
292 1490 436 1563 interim
462 1510 607 1579 tamen,
622 1554 624 1561 .
641 1487 839 1565 fraccedat
863 1512 948 1589 ptae·

49 1600 57 1655 t
96 1587 243 1665 scientia
266 1588 351 1676 dei,
381 1612 452 1685 qua
486 1587 586 1662 Deos
620 1588 741 1679 videt,
774 1589 857 1663 liin
890 1588 950 1663 his

93 1685 370 1760 'circumstantiis
405 1685 613 1761 conferatur
646 1687 719 1760 hoc
754 1684 946 1775 auxiliom',

95 1783 325 1859 volontatem
360 1811 433 1858 non
470 1781 540 1859 elle
574 1780 821 1872 dilleosotarn,
861 1783 950 1860 licet

51 1911 69 1945 -’
91 1880 212 1982 pollet
235 1880 435 1972 dissentire,
464 1886 501 1959 ὅ(
529 1880 717 1981 li'iosoper
743 1872 948 1979 dependen-

95 2001 152 2054 tet
180 1981 226 2052 ab
254 1981 322 2053 hac
347 1982 564 2077 praescientia
581 1983 654 2055 det
680 1981 752 2053 hoc
775 1980 950 2055 auxilium

48 2122 52 2131 .
88 2078 132 2154 in
155 2080 212 2151 his
240 2077 530 2171 circumstantiis,
557 2075 789 2173 infallibiliter
811 2076 891 2177 post
912 2072 948 2154 st

91 2180 218 2252 trahet
244 2177 451 2252 consensum
475 2176 829 2276 &cooperationem
855 2191 950 2253 crea·

55 2341 57 2348 .
94 2274 210 2349 tutat.¹
250 2279 388 2349 Nititur
414 2280 491 2350 haec
525 2277 699 2351 sententia
734 2271 950 2369 aniloritatc,

94 2371 341 2471 anagnini
368 2374 430 2472 (b)
457 2373 632 2450 dicentist
664 2370 805 2470 etiamst
819 2372 950 2450 multos

96 2485 201 2545 vocet
220 2470 338 2561 Deus,
364 2497 484 2548 eorum
509 2488 623 2548 tamen
636 2470 842 2566 miseretur,
865 2493 950 2576 quos

97 2572 157 2642 ita
185 2587 310 2657 vocat,
343 2572 477 2673 quando
504 2575 555 2659 eit
587 2576 714 2647 vocari
733 2585 854 2669 aptum
878 2572 947 2662 est,

91 2663 352 2768 utstquantur.
398 2673 440 2743 Et
452 2671 572 2767 paullo
590 2670 684 2769 post:
706 2667 838 2743 nullius
855 2673 970 2744 enim·

91 2764 197 2842 Deus
203 2768 350 2860 frustra
370 2768 581 2863 mistretur:
614 2762 714 2867 cujus
736 2771 829 2841 enim
853 2764 949 2863 mise·
1012 2790 1013 2794 ’

94 2880 224 2952 retur,
254 2891 330 2940 eum
372 2893 405 2942 ac
438 2883 577 2957 vocat,
616 2864 779 2968 quomodo
810 2864 882 2958 scit
913 2868 949 2939 ei

93 2988 314 3063 congruere,
337 2982 379 3039 ut
394 2981 577 3040 vocantem
602 2991 671 3040 non
689 2962 837 3076 respuat.
889 2966 949 3038 Pa·
1016 2994 1018 2999 ·

92 3064 187 3135 titot
204 3066 241 3136 &
261 3067 337 3136 haec
362 3065 536 3139 sententia
555 3065 651 3142 suam
676 3065 946 3151 difficultatem

748 3213 752 3219 -
826 3185 948 3260 quant·

139 3264 189 3346 (b)
208 3255 321 3336 trit.
343 3257 512 3358 aedſsmplic.
524 3286 556 3360 q.
571 3286 602 3341 a.
630 3264 654 3355 J
1016 3256 1019 3263 ¹
