2084 3690
281 159 497 272 Theologiae
528 158 769 276 Scholastirae.
854 182 937 274 521

51 310 59 315 ’
87 308 348 407 impotentiam
373 330 556 406 agnovere
581 308 705 383 Patres
729 327 807 385 tum
834 310 951 389 iatini'

88 426 165 483 tuna
182 407 291 507 graeci
302 425 389 480 ante
400 404 651 505 Augustinurn,
664 408 700 482 dt
713 407 790 507 post
805 410 934 509 ipsum,

86 508 148 604 qui
168 507 191 577 sl
213 504 409 603 aliquando
437 505 591 602 gratiam
616 505 776 580 tribuere
796 510 934 584 meritis

86 607 284 691 videntur,
313 625 378 701 per
394 604 547 700 gratiam
570 625 643 677 non
658 599 871 681 intellexere
884 607 935 680 in·
995 624 998 631 ’

90 705 263 777 teriorern
287 701 514 789 motionem,
542 700 600 773 sed
625 703 856 779 vocationem
876 727 934 780 ex·

88 818 231 876 ternam
257 801 362 898 (quac
383 797 498 895 potest
517 797 586 872 esic
601 801 815 875 meritorum
833 819 934 876 natu·
959 808 963 817 '

87 899 218 989 talium
234 900 403 987 merces)
429 895 487 969 vel
505 894 656 996 gratiam
675 896 873 994 perfedam
894 901 933 977 δι

88 996 239 1070 salutem
262 993 393 1093 ipsam,
420 1017 499 1091 quae
524 995 662 1068 meritis
687 995 932 1093 supernatura·

90 1093 184 1169 libus
212 1113 381 1191 tanquam
407 1113 546 1166 merces
573 1092 774 1188 respondet.

140 1190 220 1266 Post
241 1192 364 1289 gratia
389 1198 559 1264 notiones
581 1189 762 1290 Theologi
782 1213 863 1266 earn
882 1189 931 1265 so·

88 1289 185 1365 licite
219 1290 410 1376 dividunt,
446 1284 665 1385 potiffimum
699 1290 736 1362 in
770 1289 933 1385 habitua-¹

87 1388 159 1463 lem
182 1388 221 1461 &
246 1386 442 1473 asinalem,
469 1387 507 1458 in
525 1388 745 1462 excitantem
768 1387 826 1461 seu
844 1410 930 1482 prae·

86 1489 297 1562 venientem
322 1487 359 1560 dt
384 1485 628 1576 adjuvantem,
656 1485 692 1560 in
717 1505 933 1581 operantem
1024 1556 1029 1580 ,

89 1588 124 1658 &
160 1604 447 1681 cooperantem,
483 1585 519 1654 in
554 1605 665 1657 mere
695 1581 931 1658 sufficientem

87 1684 144 1756 seu
170 1679 394 1756 inefficacem
410 1700 435 1768 ,·
455 1682 492 1754 dt
517 1677 713 1756 efficacem.
763 1682 933 1758 Gratiam
964 1716 967 1721 ·

86 1780 253 1856 assualem
263 1780 440 1878 Theologi
452 1779 687 1853 Recentiores
696 1780 830 1855 docent
844 1802 930 1854 con·

87 1880 203 1961 sistere
228 1887 269 1952 in
302 1876 435 1951 adibus
467 1873 668 1950 inteslenus
697 1878 735 1950 δι
765 1878 930 1951 volunta·

88 1980 151 2066 tis,
193 1979 230 2050 id
262 1975 333 2064 eii,
366 1978 402 2050 in
437 1972 759 2069 supernaturalibus
791 1975 828 2049 δι
861 1974 930 2070 piis

87 2075 388 2174 cogitationibus,
413 2074 542 2168 quibus
558 2087 715 2172 apparet,
737 2069 831 2175 quod
847 2071 932 2146 late·

86 2169 172 2261 bat,
201 2170 437 2268 &infandis
460 2171 746 2269 inspirationibus
768 2170 826 2245 seu
847 2169 948 2246 affe·

87 2272 268 2345 &ionibus
299 2270 527 2358 voluntatis,
564 2271 694 2365 quibus
716 2267 830 2364 strove
854 2268 928 2361 fit,

86 2366 181 2472 quad
201 2388 270 2442 no'n
294 2363 511 2454 delatrabat,
545 2367 598 2440 uti
629 2369 680 2442 ait
704 2370 739 2442 S.
765 2367 929 2467 Augusti·

92 2490 171 2541 nus.
230 2470 433 2562 Utrumque
459 2469 613 2562 probant
640 2489 685 2542 ex
709 2469 744 2540 S.
770 2469 931 2564 Scriptu·
995 2523 997 2528 .

89 2581 157 2649 ra,
190 2566 224 2638 in
255 2589 325 2663 qua
350 2563 478 2637 auxilia
503 2564 624 2662 gratiae
650 2561 771 2658 pasiim
796 2587 929 2639 vocan-

88 2683 155 2735 tur
178 2683 255 2735 tum
289 2662 533 2748 illuminatio,
564 2660 723 2752 auditio,
738 2659 905 2754 'scientia
914 2713 931 2755 ‚

86 2759 299 2860 discrplina,
327 2783 404 2833 turn
421 2759 614 2855 saronites,
635 2756 791 2850 dulcedo,
815 2760 928 2858 constr·

85 2858 180 2935 latio
207 2861 278 2934 &c
339 2858 473 2955 Qtodsr
498 2860 609 2933 exiis
634 2879 829 2956 quaeratur,
856 2856 933 2957 qua
1021 2863 1026 2875 '

84 2962 232 3033 ratione
259 2960 450 3056 contingat
475 2957 590 3037 motio
624 2960 745 3058 gratiae
775 2958 927 3047 divina,
1011 2998 1014 3003 ·

89 3056 275 3149 explicant
306 3052 376 3130 hoc
400 3054 475 3129 fere
499 3055 636 3130 modo:
674 3053 796 3130 Primo
823 3056 924 3130 De'us

88 3176 111 3229 e
139 3152 210 3229 soia
236 3153 293 3229 sua
317 3153 556 3230 misericordia
584 3155 720 3254 absque
745 3153 818 3230 ullo
843 3174 929 3250 pra·
957 3190 959 3195 ·

277 3300 281 3311 ·
404 3346 424 3385 ,-
477 3251 573 3353 Li3
708 3352 711 3357 ¹
805 3251 935 3379 sedan
