2084 3690
130 202 213 300 186
477 190 689 312 Appendix
747 236 752 245 ·
878 301 881 305 ,

56 356 59 361 ’
124 361 162 436 &
181 356 378 435 sacrificuli
408 356 600 436 faciebant.
660 364 710 431 At
736 354 859 431 nostro
889 374 965 431 avo

120 482 196 533 non
218 481 290 535 una
310 457 424 533 solum
445 459 589 544 civitas,
609 466 764 532 aut‘una
782 457 887 555 tegio
920 453 965 529 sa·

120 559 198 655 pit,
235 555 293 629 sed
320 557 438 630 omnis
465 552 608 655 Europa
632 550 880 629 iiberaliffimis
902 553 966 627 stu·

121 656 189 735 diis
218 653 362 742 fervet,
388 673 490 731 totus
512 655 717 752 Septentrio
740 652 979 751 philosophas

28 798 31 803 -
119 774 206 829 tuta
227 754 482 846 ¹Literatotum
508 775 682 828 numerus
707 751 793 827 fere.
813 771 964 838 tantus,

116 870 277 955 quantus
292 853 448 928 civium:
470 850 568 927 nulla
594 875 664 938 ets,
684 849 781 933 nuiia
804 849 964 937 scientia,

115 972 196 1049 quae
219 973 294 1031 non
321 949 500 1026 immenfis
522 950 699 1025 [uentibus
724 949 763 1024 dt
786 942 966 1025 indeseiiit

116 1048 300 1127 laboribus
315 1072 390 1124 non
409 1051 526 1122 dicam
541 1050 702 1134 exculta,
722 1048 780 1123 sed
801 1047 848 1122 ad
871 1044 966 1121 sum·

112 1172 216 1222 mum
247 1150 386 1245 apicem
413 1146 586 1240 perdudia
615 1146 716 1221 fuit:
754 1147 992 1223 reconditas·

111 1269 276 1347 quasque
295 1246 514 1344 disciplinas,
536 1270 617 1344 quae
633 1246 833 1321 Veteribus
854 1266 902 1321 nt
916 1246 963 1321 de

110 1344 259 1419 nomine
273 1364 389 1431 notae,
411 1344 545 1419 nedum
564 1344 610 1416 de
632 1342 736 1429 facie,
752 1344 791 1419 iu
813 1340 962 1441 plenam

24 1522 27 1527 ,
109 1442 298 1519 meridiem
313 1440 511 1541 protractas
532 1443 644 1520 modo
658 1443 825 1518 videmus
841 1442 882 1519 dt
896 1443 961 1517 ob·

109 1538 353 1640 stupescimus.
423 1544 548 1640 Atque
580 1545 679 1615 hunc
706 1543 885 1614 bonarum
903 1562 960 1619 at.

106 1641 201 1717 tium
227 1638 472 1738 splendorem,
497 1641 777 1726 abundantiam,
800 1640 958 1715 varieta-

104 1757 206 1817 temi
238 1738 276 1817 &
298 1737 604 1838 magnificentiam
638 1735 861 1837 p'otissimum
886 1738 961 1810 arti

103 1839 252 1913 Criticae
277 1839 475 1926 debemus,
499 1839 810 1936 quemadmodum
830 1836 956 1935 primia

102 1938 220 2011 tribus
250 1934 333 2012 libri
356 1937 465 2028 hujus
486 1939 678 2037 Capitibus
700 1934 955 2013 demonstravi:

100 2036 177 2132 lpia
198 2038 276 2109 baec
296 2056 372 2120 ats,
394 2034 452 2108 seu
477 2036 636 2122 Critice,
666 2053 725 2108 tot
748 2028 956 2107 ciariffimo·

96 2154 178 2210 tum
203 2134 377 2209 Virorum
392 2130 614 2218 assiduitate,
649 2152 708 2209 tot
722 2132 955 2234 ingeniorum

99 2233 269 2306 acumine
315 2232 361 2301 ad
395 2229 599 2329 supremum
636 2255 734 2306 nunc
769 2228 953 2329 fastigium

96 2325 225 2403 evena
251 2325 323 2412 est,
348 2350 418 2401 nee
437 2329 885 2429 uuusManuscriptomn
912 2328 953 2407 δι

85 2424 270 2516 ,librorum
284 2425 436 2525 angulus
450 2431 641 2527 reperitur,
662 2452 770 2527 quem
785 2450 862 2501 non
886 2432 949 2502 ex'·

92 2524 237 2605 cudant
257 2523 402 2611 Critici,
423 2527 460 2603 bt
480 2548 718 2605 monumenta
736 2528 819 2602 inde
839 2546 949 2603 eruta

90 2621 215 2791 gaiam
237 2623 506 2702 circumferant.
555 2628 601 2700 Et
620 2628 703 2722 quis
720 2624 771 2701 eii
785 2622 846 2699 uel
865 2645 948 2698 mo·

115 2723 173 2797 ice
196 2721 312 2803 litoris
327 2719 462 2798 tinibus
478 2724 552 2797 hoo
573 2744 646 2799 tem
699 2726 760 2808 ie,
780 2722 845 2820 qui
868 2744 948 2798 nou

89 2821 220 2898 Ctitici
255 2844 390 2898 nomen
404 2822 462 2900 ’δι
497 2841 615 2921 partes
657 2824 704 2896 tbi
731 2822 948 2896 vendicat?
989 2874 992 2878 ‡

24 2972 27 2979 ·
85 2919 230 2992 Verum
243 2921 323 2994 haeo
342 2920 414 3019 ipia
428 2921 600 2999 immensa
621 2920 755 2996 sciendi
778 2920 816 2995 bt
832 2916 944 2992 incia..

86 3015 249 3094 nascendi
266 3041 314 3094 cu
338 3019 445 3094 iditaa
458 3016 595 3121 (quarn
615 3043 689 3095 non
701 3018 840 3093 'inscite
854 3038 946 3091 cont

85 3113 279 3217 bemicia
320 3119 621 3194 mentationem
661 3118 833 3207 dixeris)
861 3116 945 3189 boeo

87 3233 242 3325 iuquam
257 3215 438 3320 cupititate
451 3215 555 3309 facit,
572 3237 617 3296 ut
631 3211 845 3294 nobiiiffima
855 3213 944 3388 t‹51:ae-
