2070 3690
88 182 189 319 5⁶3·
262 172 352 288 Cap.
390 169 478 283 Vll.
538 170 764 258 oeconomia

85 323 247 422 exeeptis
280 321 458 396 Fratribus
493 319 715 407 Minoribus,
761 341 852 417 quoa
888 308 970 429 de',

85 417 310 498 obseruantia
333 438 488 506 vocant,
511 418 551 493 '&
566 417 772 514 Capucinls.
799 418 970 522 qnippcqr

84 515 340 596 Tridentiuum
368 518 451 610 (m)
470 517 639 589 omnibus
664 513 741 592 allis
779 516 936 616 Religio·
961 552 970 623 1

86 619 146 709 fia,
172 618 281 692 etlam
306 614 369 704 iis,
396 615 525 711 quibus
550 615 586 686 vi
619 613 946 707 Constitutionum.
961 654 970 721 l

1 803 3 807 v
86 718 227 790 suarum
262 737 335 787 non
370 711 525 798 licebat,
563 710 777 786 facultatem·
807 736 934 788 conce·
954 710 970 821 ’1

87 817 165 898 dit,
189 831 232 885 ut
256 810 411 907 deinceps
435 805 523 884 bona
548 804 744 885 immobilia
767 813 819 885 ris
834 806 933 911 poffi·
964 870 970 921 1

82 911 166 988 dere
189 908 326 985 liceret.
374 910 563 1007 Secundo,
589 909 784 1008 Rcltgloloc
810 928 932 983 tamen
965 932 970 1020 1

85 1008 319 1113 particulares
370 1003 439 1080 elle
481 1009 670 1106 incapaces
715 1009 833 1082 otnnis
873 1009 933 1080 do·
966 1072 970 1089 ,

86 1105 213 1197 minii,
237 1105 297 1180 vel
311 1106 398 1199 juris
408 1106 638 1220 proprietatis
654 1105 755 1195 cujus
776 1126 934 1202 cunque,
965 1098 970 1219 1

87 1210 197 1281 etlam
220 1201 442 1302 imperfecti,
469 1202 522 1274 uti
540 1202 649 1275 tradit
673 1203 768 1274 idem
785 1206 935 1281 Triden·
965 1252 970 1283 ,-

72 1302 204 1378 ¹tinum
219 1307 303 1395 (n),
328 1321 407 1396 quat
423 1297 640 1394 incapacitas
662 1301 778 1372 oritur
794 1325 840 1374 ex
855 1302 934 1391 jura
952 1296 970 1415 ·“1

83 1399 324 1482 Ecclefiallico
342 1395 439 1468 illam
457 1392 670 1469 adneclente
686 1396 834 1472 solemni
852 1401 936 1474 Pro»

85 1496 246 1587 feffioni,
273 1493 333 1570 vel
357 1488 433 1567 aliis
450 1494 546 1567 uotis
566 1489 760 1592 Religiofis.

123 1703 898 1800 CircaobjetrumuomintlconveniuntThe

86 1802 183 1902 logi,
209 1806 395 1880 hominem
430 1801 500 1877 elle
532 1803 719 1876 dominum
754 1804 932 1879 bonorum

87 1923 345 1990 externorum,
370 1921 450 1996 quat
482 1920 661 1974 vocantur
698 1906 791 1974 bona
826 1901 932 1976 fortu-

87 2023 163 2076 naet
191 2003 277 2075 item
299 2000 476 2072 bonoram
502 1996 604 2070 famae
625 2001 781 2167 propriae
807 2025 849 2075 ac
874 2002 970 2081 honi

88 2101 211 2182 noris,
236 2113 366 2190 utpote
391 2117 470 2190 quae
496 2097 590 2168 bona
638 2097 693 2169 uis
734 2096 932 2172 meritis&
957 2102 970 2193 ’ξ

85 2190 288 2274 actionibus
332 2193 485 2288 acquirit
515 2196 829 2291 quemadmodum
868 2195 970 2269 alia:

58 2290 204 2388 lona,
236 2312 315 2389 qnae
350 2292 550 2387 Jurisperiti
582 2313 716 2366 vocant
752 2293 846 2381 bona
881 2316 933 2367 ac·
955 2316 966 2337 ··

86 2386 234 2487 quisita3
266 2389 364 2463 unde
398 2389 467 2462 fine
503 2389 648 2464 alterius
684 2393 816 2466 damno
852 2391 933 2465 infa-
964 2398 968 2403 '

87 2511 189 2563 mare
222 2486 255 2560 le
288 2485 399 2585 ipsum
426 2488 566 2584 potest:
603 2491 690 2562 item
726 2489 794 2563 elie
827 2489 934 2565 domi·

88 2608 178 2661 num
204 2583 379 2658 libertatis
409 2585 499 2659 luat:
526 2607 659 2684 negant
684 2579 933 2692 tamenltcmil

88 2707 175 2757 nem
201 2684 270 2758 elle
296 2683 493 2761 absolutum
519 2685 719 2758 Dominum
753 2686 846 2760 vita·
870 2686 934 2761 lua

87 2805 131 2854 ac
167 2783 433 2870 membrorum,
482 2779 540 2852 sed
585 2784 760 2856 duntaxat
802 2785 961 2859 habere.

87 2881 190 2953 ulum
217 2878 395 2967 nouum,
428 2881 593 2974 quamvis
620 2904 670 2959 ‘ex
702 2879 790 2972 julla
821 2879 934 2956 caulla

36 3019 39 3026 ·
88 2973 209 3052 facere
249 2976 293 3049 all
321 2977 383 3048 uid
418 2975 478 3050 uel
513 2978 685 3052 omittere
723 2976 855 3075 postit,
891 3001 940 3057 ex.

84 3097 163 3173 aquo
190 3070 302 3146 indica
340 3095 360 3144 e
396 3095 493 3147 mors
527 3078 672 3174 propria
701 3072 761 3148 vel
796 3077 933 3151 mutila·

881 3197 929 3247 tto

54 3236 56 3243 ,
125 3265 195 3348 (m)
215 3256 287 3329 ibid.
302 3285 327 3332 c.
343 3281 375 3346 3.
420 3265 475 3354 (n)
495 3257 568 3335 ibid.
584 3263 619 3332 dt
632 3262 910 3360 regulandam.
