2070 3690
109 208 113 215 ·
149 176 235 269 532
323 155 414 271 Cap.
455 134 558 255 Vll„
603 120 842 245 oeconomio

147 300 311 403 quamvis
337 306 439 379 'enim
470 326 516 379 ex
548 328 619 379 una
652 318 755 404 parte
785 292 1014 381 libertatem'

145 400 395 515 indifferentiae
411 404 535 476 sartam
556 402 759 502 tollamque
779 404 916 494 servet,
935 420 990 479 ar·

142 503 266 601 guitur
290 522 434 593 tamen,
460 501 558 597 qnod
584 527 628 576 ex
653 503 764 578 altera
791 522 893 600 parte
927 504 989 576 do·

140 601 294 673 minium
318 601 376 674 dei
410 598 724 688 ablolutlffimutn‚
756 601 853 697 quod
877 598 988 674 habet

140 701 177 771 in
211 697 309 771 aelus
343 697 481 771 nostros
512 700 646 784 bonos,
676 701 888 771 imminuatr
929 698 1015 773 sed·

139 794 323 871 sententiae
339 795 446 888 hujus
460 799 602 890 patroni
619 796 854 894 respondent,
872 788 999 892 qnutn¹

90 912 93 919 '
139 894 285 968 collatio
311 895 391 967 talis
418 896 561 992 granu,
594 896 766 968 euidens
793 897 985 991 prandet,

104 1080 110 1093 „
137 992 332 1066 humanam
365 994 592 1066 voluntatem
622 990 692 1066 esse
718 992 983 1081 consensuram,
1010 1038 1013 1043 -

137 1108 247 1186 atque
280 1092 331 1163 ita
363 1087 547 1164 efficacem
580 1089 679 1180 fore,
717 1092 756 1163 fit
782 1092 893 1166 libera
923 1090 983 1168 soli

136 1188 229 1275 deo,
266 1194 301 1263 &
328 1190 364 1262 in
394 1189 470 1280 ejus
505 1186 621 1262 veluti
653 1191 817 1261 manibus
847 1190 982 1287 posita,

134 1286 221 1359 huic
246 1287 407 1363 dominio
434 1286 492 1360 dei
517 1285 603 1359 nihil
627 1287 767 1385 prorsus
783 1287 982 1379 decedere,

133 1404 244 1481 atque
270 1386 314 1459 stc
340 1384 471 1458 lalvam
496 1376 566 1458 else
583 1385 620 1458 &
640 1385 842 1458 libertatem
867 1382 983 1459 homi·

132 1484 209 1569 nis,
247 1484 283 1554 ὅ(
310 1483 367 1557 dei
393 1484 613 1568 dominium,
641 1483 677 1554 id
702 1483 799 1577 quod
823 1486 869 1561 ad
896 1506 982 1560 con·
1010 1556 1021 1565 ,

132 1582 291 1654 cordiam
311 1582 484 1657 libertatis
510 1600 591 1652 cum
613 1578 726 1674 gratia
742 1580 891 1652 omnino
919 1602 982 1651 ne·

129 1677 316 1752 cellarium
343 1679 404 1754 est.
453 1680 583 1752 Praeter
608 1677 684 1747 hac
709 1671 853 1771 systema
878 1675 979 1750 aliud

129 1776 180 1851 est
216 1775 443 1871 quorundam
477 1774 661 1849 Gallorum
695 1775 732 1846 ot
766 1770 979 1871 Belgarum,
1016 1858 1021 1863 ¹

154 1877 189 1945 ui
216 1877 398 1969 explicent
420 1868 571 1973 gratiam
599 1867 782 1943 efficacem
804 1894 868 1967 per
887 1888 994 1970 pro.

34 2046 39 2061 ,
127 1898 453 2047 jetermimtimem
473 1966 657 2055 moralem,
686 1966 723 2041 id
747 1967 816 2057 est,
844 1993 910 2066 per
929 1990 977 2045 ta·

48 2112 51 2117 ·
125 2070 198 2143 lem
224 2078 393 2167 gratiam,
427 2088 611 2164 ·quae.per
644 2067 861 2165 sequidem
900 2093 976 2144 non

124 2165 351 2240 eonneClirur
370 2165 512 2264 phylite
538 2185 600 2238 aut
619 2164 863 2263 metaphystce
889 2188 986 2243 cum·

122 2264 313 2352 consensu,
342 2264 399 2338 sed
431 2262 634 2351 moraliter,
677 2269 763 2361 quin
788 2284 830 2337 ut
853 2264 975 2356 ajunt,

121 2381 198 2437 ram
224 2382 307 2469 apte
334 2364 370 2436 ὅ(
397 2363 550 2436 suaviter
587 2359 698 2436 afficit
722 2360 972 2455 voluntatem,

120 2480 165 2534 ur
189 2461 374 2537 moraliter
398 2458 608 2553 impollibile
641 2461 702 2549 stt,
736 2483 816 2534 eam
850 2463 973 2553 hujus·

120 2562 221 2636 modi
283 2563 380 2634 tatiae
415 2559 596 2633 diiientire
632 2561 796 2656 quamvis
826 2560 971 2657 physice

49 2670 53 2675 '
119 2682 163 2733 ac
189 2582 349 2736 absolute
373 2655 488 2756 poffit.
544 2660 683 2732 Verum
709 2654 871 2730 efficacia
895 2681 979 2757 gra-¹

23 2838 25 2845 ,
118 2756 178 2828 tiae
203 2758 312 2831 debet
337 2759 407 2835 effe
432 2776 553 2838 tanta,
589 2773 629 2826 ut
653 2754 895 2854 metaphyfice
921 2757 971 2833 in·

118 2851 265 2929 fallibile
289 2856 353 2943 stt,
402 2856 607 2931 conlenlum
640 2851 708 2927 elle
742 2855 968 2928 secuturumr

116 2949 200 3023 altas
225 2954 321 3025 enim
345 2953 433 3029 deus
461 2978 533 3029 non
553 2954 701 3025 haberet
727 2953 887 3026 medium
914 2956 968 3027 ira·

116 3046 261 3148 fallibile
284 3052 471 3124 obtinendi
497 3051 703 3123 'conlenlum
724 3075 787 3149 per
813 3052 966 3150 gratiam

114 3144 188 3221 ase
212 3146 404 3236 collatam3
428 3147 505 3223 talis
531 3168 653 3237 aurem
680 3149 823 3226 nonest
848 3146 965 3227 effica-

519 3284 522 3291 ·
908 3268 967 3345 tta
