2084 3690
251 227 394 319 Critian
407 228 531 348 fiepcs
559 230 751 322 criticam.
870 256 953 349 231

100 390 148 483 est
173 388 372 491 peccandi,
399 410 511 567 imm
543 392 634 497 leges
656 400 848 495 puniuut5
880 414 956 471 'non

99 505 256 565 eventus.
307 491 433 567 Simic
457 495 497 568 ia
521 495 597 583 istis
608 493 687 589 stt,
712 499 873 596 quicum
892 520 957 571 uo·

98 586 273 676 luntatem
295 590 490 673 attulerint
503 590 677 693 juvandi,
697 592 877 669 interdum
899 611 956 671 ta·

97 710 178 763 men
202 685 374 767 aberrant
398 690 445 768 θ’
468 690 609 768 ludunt.
679 690 827 771 Bivium
860 696 954 769 euim

97 784 150 869 ad
177 787 457 891 corrigendum,
492 786 600 865 Libri
604 800 623 878 ,Λ
651 790 699 869 89⁰
734 789 952 894 Conjedura.

96 880 226 959 Prima
245 892 309 960 via
319 886 417 982 satis
439 906 539 965 certa
571 888 618 966 ἔθ’
635 904 717 966 tuta
742 896 809 978 ed:
842 890 953 967 lubri-

88 1008 142 1058 ca
159 983 301 1076 altera,
322 986 523 1085 prasertim
539 992 686 1063 cum-in
708 1015 785 1065 eam
810 990 953 1065 audaces

96 1081 149 1161 θ’
172 1090 359 1161 temerarii
391 1086 615 1182 adolescentes
639 1085 862 1175 inciderint,
887 1102 953 1165 art

85 1180 345 1267 'adolescentum
352 1187 488 1282 stmiles
503 1186 622 1280 senes,
644 1183 728 1289 quos
752 1213 820 1262 uou
839 1214 877 1263 eo
896 1186 954 1269 de·

83 1281 242 1387 senfiem.
304 1285 416 1361 Veros
438 1285 574 1391 quidem
625 1278 845 1390 e'rmanosque
869 1284 951 1362 Cri·

93 1383 189 1455 eicos
219 1408 344 1487 umgno
380 1404 480 1485 opere
511 1311 641 1482 fiendo
675 1403 717 1463 ut
750 1389 948 1487 retineatis.

93 1478 162 1556 Mu
187 1506 314 1557 norum
332 1482 503 1559 arborum
518 1482 647 1561 umbra
665 1511 728 1577 nos
753 1486 800 1562 ἐφ’
824 1487 949 1562 altitu·

92 1575 139 1653 do
199 1580 346 1668 lediart,
381 1580 514 1656 radices
529 1587 723 1685 stirpesque
744 1608 814 1658 uon
836 1588 949 1659 item:

82 1677 203 1781 fissile
225 1683 265 1753 iu
284 1675 545 1756 Corredoribus
572 1688 637 1774 est,
669 1706 815 1784 quorum
845 1702 949 1778 opera

86 1778 307 1877 ‘incorrupta
322 1774 393 1855 hac
402 1775 631 1879 pulchritudo
652 1783 791 1856 artium
809 1796 948 1871 renuet,

92 1901 179 1981 quas
199 1881 387 1968 miramur,
405 1874 683 1983 manebitquejn
704 1894 886 1968 aternum,
904 1878 950 1956 li·

92 1991 172 2053 ceat
191 1974 290 2050 modo
308 1994 378 2077 per
400 1975 550 2082 ignavos
571 1978 618 2057 ἐφ’
637 1977 830 2070 inficientes
849 1980 947 2070 istos,

90 2079 154 2177 qui
170 2076 332 2151 ‘alienam
365 2094 503 2177 operam
537 2077 721 2169 invident,
746 2081 855 2179 parci
884 2076 954 2179 ipd

80 2174 164 2273 stra.
215 2167 292 2281 Ego
309 2173 351 2251 P.
369 2189 401 2254 C·
418 2176 475 2275 stc
492 2178 618 2279 consto.
680 2266 716 2289 .·

97 2416 118 2439 .,
166 2354 258 2429 Haec
274 2380 390 2453 quum
412 2357 557 2433 dixiffet·
572 2360 714 2447 Varro,
736 2354 948 2432 incredibile

48 2528 51 2533 .
89 2452 155 2547 est,
171 2473 353 2551 quantum
377 2456 488 2529 animi
504 2461 691 2532 mutarint.
741 2455 795 2529 llli
815 2456 876 2554 ipss
893 2458 947 2530 in·

84 2573 151 2635 ¹ter
187 2552 334 2639 Patres,
370 2554 434 2652 qui
464 2552 588 2628 infenfi
617 2574 725 2641 antea
757 2553 946 2653 infestique

85 2650 392 2737 Correuoribus,
423 2651 688 2729 succlamatum
709 2648 799 2725 ill-ud
817 2653 946 2725 tritum

86 2752 129 2827 in
152 2750 300 2825 adsensu
324 2751 553 2840 OMNES,¹
573 2751 785 2827 OMNES.
850 2751 944 2825 Cos·

80 2848 249 2927 ,τεᾶοτοε
287 2847 542 2924 discurrebant·
576 2850 676 2938 loeti,
715 2848 877 2936 hilares,
905 2850 944 2926 δι

86 2972 266 3047 tanquam
288 2947 451 3023 absoluti.
501 2953 621 3025 Varro
637 2951 775 3025 recenti
797 2949 944 3047 inclinaf

86 3052 191 3123 tione
221 3048 423 3122 animorum
445 3050 624 3121 utendum
648 3070 769 3138 ratus,
803 3046 944 3124 Consu-

47 3214 54 3225 .
85 3146 162 3223 lem
186 3147 406 3234 admonuit,
434 3149 489 3219 uti
516 3142 759 3221 disceffionem
791 3148 942 3245 permit:
1014 3164 1016 3169 ·

85 3265 208 3355 tetes,
245 3245 422 3343 fieretque
455 3247 488 3321 S.
500 3247 557 3421 PC.
590 3246 749 3321 Permisst
776 3245 943 3343 (Crispo

132 3402 135 3407 .
546 3366 571 3439 4
888 3362 950 3415 ta..

935 3428 1004 3456 A
