2084 3690
23 220 28 227 ·
128 198 182 280 18
331 240 334 245 -
455 177 582 296 Caput
630 175 665 266 I.
703 170 706 176 “

123 338 335 440 indigenae‚'
344 340 408 438 qui
433 341 478 413 ab
505 338 630 415 israele
652 361 768 439 genua
796 338 988 416 trahentes

119 441 260 538 Legem
285 437 546 530 circamifione
572 433 716 536 profeffi
741 438 856 512 sunt:
900 438 990 516 alte·

43 608 46 615 .
120 562 201 615 ram
224 539 375 613 advenae
399 537 460 611 seu
487 537 683 635 Prostiyti‚
716 537 781 636 qui
814 560 836 612 e
872 540 992 639 genti·

120 638 191 712 bus
215 660 282 739 pro
310 637 408 723 nati,
434 633 494 710 sed
520 638 564 724 ab
591 634 876 714 idololatria-ad
912 637 992 713 veri

88 794 91 799 «
123 733 197 814 Dei
238 661 379 809 coitum
426 733 654 810 transeuntes
694 733 992 832 circummstonm

69 908 71 913 ,
128 832 363 920 admiserunt,
388 855 558 932 quosque
588 836 640 908 ita
664 833 880 934 indigenum
907 834 991 929 ioco

126 934 254 1008 haberi
280 934 383 1007 Deus
408 930 482 1032 ipse
510 929 616 1028 juffit.
644 933 715 1028 (x)
771 933 992 1033 Respublica

30 1091 33 1097 ,
125 1054 217 1106 vero
243 1031 486 1126 Hebraeorum
512 1030 630 1106 veluti
669 1032 851 1133 tripartita
887 1029 991 1108 suita

30 1198 41 1217 ,
124 1153 239 1211 unam
264 1128 507 1206 constituebat
532 1129 722 1223 universus
746 1129 935 1231 populus,
970 1153 991 1206 e

126 1230 323 1304 duodecim
371 1228 539 1302 tribubus
583 1225 792 1305 tolleitur:
838 1227 993 1305 aiteram

127 1326 271 1426 finguiae
297 1326 442 1400 tribus:
474 1327 622 1401 tertiam
658 1326 802 1428 smguiae
826 1326 993 1402 tribuum

26 1475 39 1506 ,.
94 1432 96 1438 ’
128 1423 347 1525 singularum
374 1425 557 1500 civitates.
616 1426 735 1501 Prima
761 1426 800 1512 <it
822 1429 994 1528 princeps

128 1523 349 1621 Respublica
389 1521 509 1598 sedem
549 1523 648 1599 suam
686 1527 848 1600 obtinuit
875 1549 922 1601 ea
955 1529 995 1600 in

129 1625 233 1709 urbo,
259 1646 370 1721 quam
398 1624 501 1698 Deus
526 1622 726 1724 defignavit
750 1646 817 1723 pro
843 1624 994 1723 publico

127 1722 313 1822 religionis
339 1719 465 1808 tuito,
499 1724 671 1797 nimirum
695 1724 732 1797 in
758 1744 830 1823 qua
855 1722 996 1798 Taber-

44 1881 47 1885 .
126 1821 333 1907 naculum,
376 1820 414 1895 &
447 1819 571 1920 postea
595 1819 792 1921 Templum
819 1820 995 1897 collocari

124 1920 277 2006 voluit,
311 1939 423 2019 arque
458 1943 525 2016 per
551 1917 720 2002 sacrificia
761 1919 800 1998 δι
824 1915 996 1997 vitiimas

114 2016 328 2103 ⁴honoraria
359 2020 423 2092 ubi
462 2019 573 2092 eriam
597 2020 761 2094 habitare
793 2016 997 2096 consueve-

126 2116 309 2203 tantilli,
343 2139 458 2215 penes
485 2140 578 2214 quos
603 2117 996 2216 sacrarum'&sprofa·

17 2284 21 2299 ,
93 2300 95 2305 ‚
126 2237 260 2288 narum
283 2236 407 2287 rerum
435 2213 575 2288 summa
599 2214 763 2316 potestas·
783 2214 864 2293 fuit
905 2218 997 2293 Huc

64 2308 72 2314 ’
125 2314 223 2386 enim
265 2310 363 2383 statis
410 2313 638 2411 temporibus
684 2335 765 2389 tum
805 2313 995 2417 religionis

70 2443 90 2481 ,κ
125 2428 208 2485 tum
230 2408 467 2503 [iudiciorum
514 2412 633 2490 cauffa
667 2415 789 2504 omnis
817 2415 994 2490 Hebraeo·

42 2535 44 2540 ’
125 2530 208 2595 rum
240 2508 402 2608 populus
435 2507 625 2586 confluxit.
692 2514 993 2589 Numerabantur

16 2641 26 2646 ⁷·
128 2617 255 2684 autem
289 2610 369 2704 duae
395 2608 609 2704 hujusmodi
647 2612 792 2688 urbes:
831 2613 992 2709 primum

36 2792 48 2805 κ
128 2708 207 2783 Silo
233 2708 271 2780 in
297 2707 459 2780 Samaria
484 2706 523 2780 &
548 2706 678 2784 finibus
704 2711 901 2811 Ephraim,
939 2714 994 2786 di·

128 2825 239 2880 cente
266 2807 300 2879 S.
329 2806 539 2904 Scripturaa
576 2805 800 2912 'Congregari
814 2811 908 2904 stant
922 2836 993 2886 om·

125 2924 185 2977 nes
198 2902 277 2993 filii
295 2900 410 2995 Israel
433 2906 473 2991 in
491 2900 579 2991 Silo,
602 2902 718 3007 ibique
742 2906 906 2993 fixerunt
927 2909 993 2984 To·

88 2998 92 3005 ’
126 2995 353 3076 bernaculum
368 3025 371 3033 ·
387 3000 602 3095 Testimonii.
629 3007 709 3106 (y)
737 3007 806 3082 &t
831 3007 994 3105 Eccesta-

123 3095 290 3176 lemnitas
320 3098 476 3177 Domini
513 3104 560 3190 eli
587 3100 635 3180 'in
673 3103 751 3197 Sjlo
788 3105 990 3222 ragnaberstr·

438 3221 450 3247 s
876 3256 881 3263 -
923 3211 993 3284 rias

131 3350 132 3357 ,
204 3266 275 3375 (x)
295 3292 407 3362 Exod.
426 3248 474 3365 aa
598 3296 817 3397 (pilitum.
838 3314 889 3369 22.
943 3360 948 3365 .
