2084 3690
142 176 199 290 96
296 217 306 236 ··
470 167 660 290 CnpntI.
820 198 823 203 ·
964 112 968 122 ¹

140 336 198 432 jus
222 335 319 410 enirn
340 350 434 408 nutu
461 335 498 408 in
531 337 647 410 aciem
671 330 896 433 prodibant,
926 336 993 411 hu.

133 437 192 534 jus
212 435 365 534 imperio
390 432 473 507 freti
493 432 730 533 pugnabant,
775 433 889 532 hujus
912 437 993 511 Nu·

137 536 238 610 mine
256 530 471 609 vincebant:
509 531 685 609 Dominus
702 528 800 606 Dens
821 534 936 621 vester
954 537 993 610 ia

133 629 247 709 medio
272 633 380 720 vestri
404 631 468 717 est,
494 629 540 707 θ’
562 646 630 731 pro
650 624 751 733 vobis
771 646 903 708 contra
932 631 990 708 ad·

134 730 312 820 verstrrios
327 723 533 818 dimicabit,
555 743 598 803 ut
618 742 724 804 erunt
751 752 814 804 vos
836 728 880 804 de
895 733 989 833 peri·

136 829 226 907 culn.
250 834 319 925 (o)
368 830 463 924 Qua
488 849 617 930 gentes
638 826 883 918 debellandas,
908 853 992 931 qun⁸

136 928 325 1016 deiendae,
355 925 487 1026 quibus
508 928 751 1027 parcendum,
775 954 796 1003 a
828 930 915 1023 Deo
935 929 987 1005 di·

137 1024 297 1103 scebant.
363 1025 437 1127 ipsa
466 1025 615 1101 foederis
638 1030 763 1115 Arca,
790 1050 878 1125 qua.
899 1026 986 1105 nihii

134 1126 333 1228 religiofius
358 1126 607 1201 eratHebraeo
627 1123 780 1226 populo,
809 1146 985 1231 tanqpam

134 1226 207 1302 Dei
220 1224 401 1324 praesentis
417 1223 621 1322 symbolum
652 1226 690 1298 in
715 1225 845 1299 mediis
865 1225 985 1303 castris

134 1326 232 1400 inter
258 1329 434 1396 immanes
461 1325 640 1396 tubarum
654 1320 845 1422 clangores
872 1349 894 1400 a
925 1326 985 1401 Sa·

98 1506 101 1515 ,
135 1421 346 1497 cerdotibus
379 1421 559 1495 excitatos
589 1417 768 1496 collocata
796 1420 887 1510 fuit,
922 1421 985 1501 ubi

131 1519 586 1694 iiissiirsiiiin&
599 1517 807 1695 iiiiii
826 1518 984 1701 inii

132 1716 240 1800 bellis
254 1736 387 1810 nornen
401 1720 482 1793 Deo
501 1717 656 1792 inditum
676 1716 849 1819 legimus,
869 1743 982 1819 quam

132 1818 233 1915 Deus
249 1819 481 1904 exercituum,
501 1817 538 1891 &
560 1815 633 1916 ipse
661 1814 792 1905 Moses,
808 1842 901 1917 quas
918 1818 981 1896 sub

100 1904 104 1921 ’
131 1913 237 2017 {ignis
260 1914 440 2032 hahebatg
458 1917 581 2015 copias
594 1919 801 2032 ⁸exercitum
829 1914 981 2031 Domini

127 2012 484 2188 ffliffiit'vigte}
505 2013 981 2212 guetrelrlgazffliergtligfrssi‘ig

129 2232 254 2288 autern
272 2213 368 2285 idem
393 2210 465 2284 fuit
487 2211 524 2282 in
542 2214 638 2297 acie,
660 2211 726 2309 qui
748 2214 852 2302 Dux,
878 2217 978 2305 Rex,

128 2308 192 2383 vel
220 2311 389 2406 Princeps
409 2310 447 2381 in
469 2305 656 2408 republica
679 2308 891 2387 habebatur.
941 2319 979 2392 A

125 2404 235 2585 gisus
261 2406 374 2505 usque
407 2406 453 2482 ad
489 2408 608 2506 Reges
634 2408 791 2581 populus
816 2409 978 2512 eligebat

82 2568 89 2575 .
164 2529 252 2582 uces
280 2503 391 2594 beili,
422 2505 483 2579 vei
512 2507 614 2580 Deus
651 2532 675 2584 ο
706 2526 793 2584 ento
824 2510 871 2585 aii
900 2535 976 2602 uo,

121 2629 237 2709 quern
262 2603 388 2687 veliet,
408 2603 629 2703 designabat,
647 2607 703 2681 uti
717 2535 975 2700 Othonieiern,

123 2704 249 2795 Barac,
262 2704 299 2776 ὅ(
314 2703 542 2778 Gedeonem.
593 2701 665 2779 uni
682 2728 722 2780 re
749 2707 824 2780 iurn
841 2731 979 2786 nomen

120 2802 160 2875 ἃ
175 2803 332 2898 potestas
347 2799 552 2876 introduna
565 2800 649 2891 fuit,
671 2805 708 2903 ip
723 2829 733 2878 1
754 2807 873 2905 Reges
898 2826 975 2882 tan·

119 2922 232 2998 quam
268 2900 421 3000 supremi
446 2902 570 2976 Duces
605 2903 643 2976 in
672 2901 764 2979 belia
796 2905 973 3003 proceffe·

116 3015 212 3089 rant.
264 2999 347 3074 Hoc
360 3000 455 3087 enirn
496 3001 657 3104 roprium
673 3024 808 3078 munus
825 3002 974 3080 illorum

116 3092 199 3172 'erat
220 3084 337 3172 v'elut'i
355 3121 401 3173 ex
417 3022 535 3197 pago.
585 3101 683 3177 Narn
706 3100 771 3189 ubi
791 3102 931 3277 Regessn
950 3129 973 3181 a

168 3227 177 3244 ·
240 3216 244 3223 “
671 3222 675 3231 ’
923 3225 967 3280 ra

29 3260 33 3281 ’
127 3312 129 3317 ’
183 3255 503 3383 ⁸(n')Deutar.ao.y
559 3307 569 3364 ’,
650 3376 656 3383 ,
736 3364 741 3373 ,
