2070 3690
130 191 217 293 500
306 167 408 283 Cap:
430 167 519 273 Vll
583 135 810 265 Oeconomio

126 342 206 406 res,
231 340 319 413 quas
344 315 510 418 Pelagius
538 317 655 405 sanas,
695 321 732 393 dr
758 323 804 393 ad
830 318 983 396 salutati·

78 494 81 499 ,
127 438 186 494 ter
206 417 433 513 operandum
451 440 497 489 ex
515 415 547 492 se
578 415 793 509 sufficientes
813 418 882 493 effe
900 445 985 497 con·

129 516 326 590 tendebat:
364 532 493 590 contra
525 522 582 590 Aa
609 516 746 591 ustinus
781 520 830 591 ita
857 517 984 594 fradar

129 617 176 689 δι’
194 612 397 688 debilitatus
421 610 524 690 fuilie
549 541 799 707 ollenditfut,
820 616 881 691 fibi
906 618 985 692 reli·

42 774 70 799 ,,
128 712 194 788 diae
220 714 356 785 bonum
382 713 526 805 operari
551 736 625 788 non
647 714 806 808 pollent,
834 714 893 788 nisi
917 739 985 815 per

129 812 281 915 gratiam
303 809 433 886 Christi
441 857 454 896 ‚
478 833 558 908 quae
581 812 695 899 sanat,
721 815 822 911 quod
839 813 889 888 est
912 815 991 890 sau··

129 918 251 998 cium,
277 910 313 984 dr
339 907 483 982 infirma
507 908 701 984 confortat.
760 958 764 969 ι

179 1009 348 1104 Denique
372 1008 445 1080 hoc
470 1013 507 1082 in
533 1007 703 1083 Tradatu
729 1027 842 1108 agunt
865 1011 985 1086 Theo·

128 1105 206 1207 logi
232 1107 278 1178 de
303 1105 442 1179 adibus
468 1110 634 1181 humanis
659 1124 701 1178 ut
726 1107 900 1196 nonestis,
935 1129 1014 1183 atu

131 1229 203 1304 que
227 1207 272 1279 ad
295 1228 445 1278 omnem
470 1200 587 1278 aerum
615 1203 765 1300 positive
792 1205 986 1284 honestum

123 1304 266 1401 'requiri
292 1304 450 1389 docent,
476 1318 519 1374 ut
556 1301 596 1373 stt
629 1297 827 1375 conformis
859 1307 987 1400 primae
1022 1302 1028 1311 “

127 1402 264 1498 regula
290 1397 508 1472 moralitatis'
539 1396 607 1485 seu,
633 1399 825 1488 mensurae,
863 1402 987 1480 secun·

43 1502 45 1521 ³
119 1501 217 1575 ¹dom
244 1521 352 1595 quam
370 1497 490 1569 metiri
506 1495 543 1569 ἃ
566 1496 727 1589 iudicare
749 1517 898 1591 oportet
919 1526 983 1577 no·

96 1597 281 1674 ⁴{irarum
322 1591 503 1669 albionum
545 1593 737 1671 moralium
778 1596 982 1672 bonitatem

117 1695 192 1771 'vel
214 1692 402 1769 malitiam.
436 1695 542 1768 'Hac
560 1712 683 1767 autem
700 1691 822 1791 regula
845 1695 983 1792 duplex

60 1882 63 1892 Ι
130 1795 206 1870 esta
232 1790 414 1886 obiedlr'va
448 1795 486 1868 dr
520 1810 680 1878 remota,
718 1793 886 1865 nimirum
923 1793 991 1869 lex.

82 1898 101 1909 ''
130 1912 268 1967 aterna
298 1893 390 1981 Dei,
424 1894 477 1964 uti
519 1888 747 1964 communius
782 1886 995 1968 defenddnt.

131 2008 261 2066 contra
284 1989 383 2083 illos„
409 1990 471 2084 qui
497 1989 533 2062 in
557 2007 686 2060 natura
719 1988 882 2062 rationali
911 2014 990 2090 qua

36 2088 39 2093 ’
131 2089 193 2164 tali
219 2111 299 2185 eam
325 2085 567 2160 constituuott
589 2085 778 2159 ‘Formalis
802 2087 839 2161 ἃ
864 2091 983 2185 proxi·
1022 2166 1027 2171 ,

69 2196 72 2203 ’
130 2209 215 2274 ma,
241 2207 319 2282 quae
344 2183 394 2258 est
419 2184 490 2283 ipsa
507 2185 599 2258 ratio
627 2186 786 2269 humana
810 2183 869 2259 seu
896 2204 1002 2261 con·¹

130 2286 278 2361 scientia
311 2281 447 2361 distans
479 2284 574 2358 banc
606 2279 784 2356 atilionem
811 2283 882 2360 effe
911 2284 1008 2361 lici·

46 2388 77 2441 ‘1
130 2402 206 2460 tam
233 2380 292 2456 vel
317 2381 490 2455 illicitam.
556 2381 690 2455 Gravis
717 2380 766 2454 est
792 2384 874 2455 heic
899 2406 995 2458 con·.

130 2480 302 2558 troverfia
336 2482 433 2554 inter
450 2460 671 2567 Dodona}
693 2501 739 2553 an
772 2481 862 2556 ,dari
876 2479 984 2580 polilt

130 2579 230 2656 astus
256 2575 488 2664 indifferens,
514 2584 622 2652 etiam
655 2580 692 2651 in
722 2580 915 2656 individuo
940 2602 985 2656 ut

121 2696 286 2769 ¹vocant,
311 2676 372 2752 serr
395 2675 588 2774 taliquui
606 2699 675 2750 nec
694 2675 895 2772 formaliter
920 2681 984 2754 ho·

107 2843 114 2861 s
130 2777 250 2853 nesius
265 2775 326 2863 fit,
352 2798 422 2850 nec
438 2773 638 2849 formaliter
653 2776 872 2852 inhonestus.
897 2779 980 2853 Pars

130 2875 249 2970 maior
281 2874 319 2949 ἃ
351 2872 467 2949 sanior
496 2873 707 2948 sententiam
741 2873 983 2951 affirmantem

22 3020 24 3025 ι
131 2992 253 3063 tenet,
278 2995 391 3071 quum
415 2996 534 3069 neque
551 2996 596 3047 ex
615 2974 819 3071 Scriptura,
845 2998 914 3050 nec
935 2996 983 3051 ex

130 3071 314 3158 Patribus,
340 3088 404 3143 aut
419 3069 491 3144 ulla
511 3069 579 3143 alia
599 3070 706 3145 lolida
723 3076 862 3149 ratione
884 3076 982 3149 evin·

131 3172 167 3245 oi
190 3163 326 3269 polilt,
345 3167 422 3245 dari
440 3169 699 3272 obligationem
713 3169 892 3252 referendi
907 3197 982 3250 om·

685 3306 697 3315 “
915 3293 981 3355 nrt
