2084 3690
196 210 465 379 Antiquitates‘
488 249 752 387 Ibbroeoram.
845 240 926 371 i47
987 316 990 329 ·

76 457 105 503 2,
120 412 218 503 stilo,
243 424 429 516 nonquam
454 436 577 490 tamen
598 413 736 517 legibus
761 416 800 492 &
823 428 931 515 regu·
1017 448 1019 453 ’

79 522 108 601 ,,’
122 512 165 588 lis
189 510 317 589 coafiio
341 514 561 590 effundebat.
579 563 604 602 ‚,
659 518 813 687 Utricffoe
836 514 931 617 parti

78 610 214 711 aliquid
239 615 472 689 tribuendum
497 616 661 701 videtur,
698 611 742 688 sci
760 619 831 687 icet
856 636 933 689 non
981 644 984 658 ·

104 712 229 793 uidem
254 712 300 785 ad
327 715 413 788 artis
464 716 589 789 oeticae
619 739 641 787 a
669 713 808 788 Graecis
843 736 932 786 con·

78 732 164 884 gitae
189 811 333 911 regulas
360 737 467 886 Motis
492 813 644 900 cantica,
664 810 831 912 psalmos,
846 811 932 886 alia·

78 930 152 1007 que
179 907 278 986 fuiffe
307 910 522 1011 composita,
566 931 697 1009 utpote
723 932 802 1009 quae
827 933 932 1009 regu·
1008 1001 1012 1005 Ι

78 1002 123 1080 lae
147 1009 323 1105 primum,
348 1032 392 1083 ut
417 1012 454 1084 in
479 1010 555 1083 aliis
580 1008 736 1100 scientiis
756 1012 932 1107 contigit,
971 1084 973 1088 ,

80 1107 307 1195 ediuturnis
339 1108 649 1183 oblervationibus
682 1109 765 1180 boni
799 1109 933 1182 malive

80 1207 250 1279 carminis
295 1225 360 1281 aut
397 1208 560 1306 rhythmi
601 1230 705 1281 aures
744 1202 831 1280 sono
869 1204 931 1281 suo

79 1303 211 1379 blande
228 1299 426 1380 afficientia
452 1328 544 1380 natae
565 1305 655 1379 sunt.
703 1305 791 1381 Haec
808 1327 933 1378 tamen

79 1425 155 1476 non
172 1404 377 1501 prohibent,
389 1428 462 1502 quo
486 1409 605 1480 minus
630 1405 784 1490 dicatur,
804 1405 934 1502 rhyth-

78 1501 131 1573 mi
158 1525 201 1572 ac
228 1504 362 1600 pedum
385 1503 636 1591 dimensiones,
662 1526 683 1576 e
707 1506 838 1600 quibus
857 1524 933 1575 car·

78 1598 179 1673 mina
204 1599 351 1673 heroica
376 1599 414 1673 δι
440 1598 549 1698 lyrica
573 1602 798 1700 prodierunt,
816 1619 934 1698 genus

80 1695 238 1796 aliquod,
266 1697 352 1772 licet
379 1699 499 1772 minus
522 1697 617 1775 forte
642 1696 866 1798 pericolum,
896 1701 943 1772 in‘

80 1795 187 1869 sacris
227 1796 323 1871 hii'ce
362 1797 511 1897 Scriptis
560 1817 776 1872 contentum
818 1793 933 1870 foisse.

81 1892 250 1971 Profe&
291 1890 435 1971 difficile
461 1894 529 1984 est,
563 1897 675 1970 tantis
697 1917 848 1993 tamque
873 1917 937 1993 pe·

79 1992 194 2079 ritis,
242 1992 430 2094 &longe
467 1995 745 2095 proximioribus
785 1993 934 2068 testibus
995 2009 999 2016 ·

79 2092 394 2193 quemadmodum
421 2091 501 2167 sunt
525 2092 714 2269 {sosephum
743 2091 947 2189 &Hiero-¹
1036 2128 1040 2147 ·

82 2213 240 2290 aymus,
273 2213 422 2277 omnem
450 2195 496 2266 de
555 2193 624 2267 oefi
651 2188 867 2289 Hebraicam
895 2187 936 2262 fi·
1029 2208 1032 2217 ·

81 2291 168 2367 dem
195 2290 402 2390 abnegare;
426 2291 786 2390 praeterquamquod
812 2291 937 2391 lingua

75 2388 283 2474 Hebraico,
311 2384 420 2472 Mon,
444 2393 601 2476 Davidi‚
628 2392 699 2464 &e
725 2388 936 2474 familiaris,

83 2485 164 2589 post
176 2485 430 2587 captivitatem
446 2486 695 2585 babylonicam
712 2489 831 2559 varias
854 2508 937 2557 mu·

83 2586 244 2663 tationes
270 2582 366 2685 paffa
390 2582 442 2674 sat,
466 2587 517 2659 ita
543 2605 587 2660 ut
611 2606 684 2659 non
716 2604 792 2657 tam
816 2582 861 2654 de'
878 2600 936 2685 ea,

84 2706 166 2785 quae
192 2707 289 2759 nunc
311 2681 439 2770 exstat,
454 2707 567 2783 quam
593 2685 639 2756 de
662 2679 736 2769 ilia,
753 2704 832 2779 quae
846 2703 937 2763 tunc
1004 2695 1007 2700 ’

85 2784 231 2884 viguit,
271 2781 515 2860 testimonium
548 2781 788 2856 etraditione
818 2779 938 2871 Majo-
1011 2782 1014 2793 '

85 2904 170 2959 rum
201 2883 360 2979 ptaebere
391 2874 589 2957 dobiffimi·
622 2882 662 2967 hi
690 2879 772 2955 Viri
805 2874 938 2954 inteili-

84 3000 231 3085 gantur.
788 2996 793 3009 ¹
865 3004 868 3011 ·
909 3032 911 3037 .

86 3166 106 3208 ⁸²
161 3176 311 3255 Certim
333 3178 421 3278 quid
444 3176 491 3252 de
515 3194 594 3253 arte
607 3162 753 3250 'mufiea
779 3188 955 3273 pronum.

87 3275 186 3354 c'iare
209 3276 321 3368 licet,
348 3279 458 3376 cujus¹
483 3275 565 3452 {2¹¹ss
600 3269 939 3470 stodiofiffimagag
