2084 3690
147 224 153 241 “
186 192 455 313 Antiquiiuirs
481 189 746 288 Hebraeorum.
844 222 899 311 71

418 388 516 465 XIV
543 410 546 415 ·

67 572 90 611 -·
109 534 287 665 Summus
311 510 586 650 Poniiftu&
602 533 839 627 Sacerdotes.

56 748 59 753 -
121 698 318 800 Multiplex
352 700 434 775 heic
463 698 641 777 iunctarum
668 699 904 802 personatum

52 806 166 903 genus
186 798 374 874 occurrite
400 800 556 899 primum
579 801 727 899 quidem
754 821 903 887 earum,

53 912 130 1001 quae
163 898 208 972 ud
233 898 399 973 divinum
426 896 661 975 ministerium
688 896 837 975 solemni
855 896 903 972 riss

52 1018 93 1095 tu
117 996 264 1071 fuerunt
302 997 552 1095 inauguratae,
595 998 651 1071 uti
676 993 872 1073 Pontifices
886 1041 908 1085 2.

52 1096 286 1183 Sacerdotes,
317 1095 355 1170 dr
385 1097 547 1183 Levitae,
582 1116 664 1171 tum
690 1117 770 1196 quae
796 1092 902 1168 sac'ris'

52 1196 119 1271 tite
148 1219 192 1271 uc
223 1197 395 1269 decenter
424 1196 638 1295 peragendis
669 1191 902 1281 serviebant,
990 1254 1008 1273 χ

52 1294 106 1369 uti
131 1293 343 1385 cantores,
375 1294 580 1391 Junitores,
614 1294 652 1370 δι’
677 1292 871 1377 Nathunaei
884 1335 901 1379 ‚

52 1410 129 1467 tum
155 1414 234 1492 quae
265 1391 354 1468 licet
378 1392 475 1469 sacru
504 1416 580 1468 non
600 1393 826 1495 vattigerint,
865 1389 901 1464 se

52 1509 175 1567 tamen
198 1491 257 1563 vei
280 1493 362 1564 Deo
387 1491 662 1578 consecrarunt,
686 1510 750 1567 aut
772 1489 904 1563 Numi·

52 1590 105 1665 nis
130 1590 351 1687 Interpretee
374 1609 491 1674 erant,
517 1608 583 1663 aut
604 1590 675 1665 Dei
701 1589 820 1687 legem
842 1592 906 1659 exss
999 1628 1001 1635 <

52 1685 227 1795 posuere,
258 1686 568 1785 quemadmodum
598 1688 790 1776 Nazaraei,
808 1682 903 1759 'Pto-

52 1786 196 1891 phetae,v
216 1808 259 1858 ac
288 1785 430 1860 Scribae.
813 1794 816 1803 '

124 1927 318 2018 Pontifices.
351 1932 390 2006 δι
413 1931 596 2006 exteriore
618 1930 781 2028 corporis
806 1928 910 2003 habi·

52 2050 107 2118 tu,
125 2031 163 2105 ἃ
188 2026 297 2105 officii
319 2028 376 2105 'sui
400 2032 581 2130 dignitate
604 2051 651 2105 ex
672 2028 828 2104 aliorum
842 2030 906 2105 Sa·

52 2130 243 2205 tetdotum
287 2153 444 2206 numero
485 2126 585 2227 quad
621 2147 703 2203 toto
745 2129 903 2201 humero

52 2229 272 2305 eminebant.
333 2230 392 2303 Ad
421 2227 592 2305 vestitum
652 2228 729 2301 uod
758 2227 901 2301 adtinet

51 2326 235 2421 maiestate
267 2326 446 2424 pienum,
483 2328 590 2419 juvat
628 2252 783 2426 iugulas
821 2325 902 2420 ejus
951 2374 954 2379 -

51 2444 172 2527 ptttcs
194 2425 322 2499 ordine
352 2424 509 2498 naturali
544 2425 704 2500 brevitet
729 2423 902 2500 describe·

51 2548 101 2625 te.
164 2525 285 2600 Primo
313 2521 509 2619 fimoruliu
535 2520 594 2594 seu
610 2519 806 2613 fiminaiia
818 2570 831 2607 ,
860 2540 906 2595 ut

51 2642 163 2699 vocat
187 2625 223 2696 S.
250 2625 453 2722 Scriptura,
478 2643 525 2695 ex
548 2618 624 2695 lino
651 2623 754 2694 tenui
779 2618 906 2693 confe-

51 2720 108 2797 fla
137 2748 159 2795 a
184 2724 329 2796 renibus
354 2722 401 2795 ad
425 2718 565 2794 femora
588 2720 746 2819 tegenda
769 2714 904 2793 deflue-

51 2822 166 2897 bant:
192 2821 272 2894 haec
296 2823 441 2921 excepit
465 2819 592 2893 tunica
614 2817 729 2905 linea,
758 2818 904 2917 elegun-

51 2919 153 2995 tioris
178 2938 354 3007 texture,
384 2941 465 3016 quae
494 2913 620 2991 strictis
644 2916 797 2991 manicis
825 2936 904 2992 tam

51 3014 147 3095 urdie
168 3020 317 3118 corpori
342 3016 487 3093 adhaefit
500 3063 531 3104 ,,
547 3036 591 3089 ut
629 3013 728 3089 nulia
752 3017 906 3091 omnino

51 3120 88 3193 in
112 3115 212 3192 veste
236 3141 326 3216 ruga
356 3116 476 3203 eiiut,¹
501 3115 760 3213 descenditque
788 3113 906 3214 usque

51 3214 97 3293 td
122 3238 239 3291 cturu.
290 3216 391 3290 Huic
412 3213 640 3312 superaddita
661 3233 740 3290 erut
762 3213 832 3290 alit
845 3232 906 3286 tu-

420 3314 494 3407 E4
848 3310 904 3388 ni·
