2084 3690
12 140 17 153 ι
97 224 156 336 36
305 246 309 255 ·
428 208 637 329 CnpntI.

98 382 155 463 sus
181 375 334 452 crimina
357 374 503 452 Christo
534 377 651 474 Judaei·
666 395 806 473 eoram
835 371 956 460 pilatu

96 476 344 574 objeceruntt
392 470 502 548 Hunc
527 476 726 549 invenimus
744 469 955 566 subverten-

97 592 169 654 tem
186 589 327 677 gentem
350 574 522 658 nostrum,
550 573 608 652 ἓν
614 566 861 674 prohibentem
887 572 952 646 tri·

60 688 64 693 '
95 672 183 751 buta
205 671 289 746 dare
316 668 469 760 ceneri,
502 671 550 747 θ’
571 670 743 747 dicentem
762 670 811 766 -se
853 665 954 745 cin·-

87 776 184 871 stnm
199 769 327 871 Regem
352 766 423 864 effe.
474 772 577 866 Quin
603 773 640 846 &
665 769 820 873 publicis
846 769 953 846 latro·

11 886 18 893 '
96 873 200 946 ciniis
234 872 423 945 decretum
457 866 529 943 fuit
554 871 672 944 crucis
709 868 952 969 suppliciumt

102 968 200 1059 Tenc
219 965 391 1058 crncifixi
414 963 507 1061 sient
531 993 609 1043 cnm
633 993 671 1042 eo
695 964 760 1041 duo
785 967 951 1042 laerones.

95 1070 261 1147 Cautum
286 1090 377 1165 veto
400 1088 503 1155 etat,
539 1068 638 1143 cruci
670 1062 866 1143 affixerum
898 1090 951 1139 ct·

95 1171 232 1243 daneta
255 1166 301 1242 ad
317 1163 510 1263 uesperam
538 1169 576 1242 &
600 1165 681 1240 solis
703 1163 874 1241 occasum
893 1165 952 1239 de·

94 1268 203 1366 poni,
244 1288 288 1338 ac
312 1261 502 1361 sepulturae
528 1266 701 1340 mandari.
767 1263 855 1339 Non
870 1279 950 1364 per·

5 1422 7 1429 .
93 1357 248 1461 manebit
272 1358 420 1434 cadauer
444 1359 518 1459 ejus
540 1364 580 1435 in
605 1360 723 1478 ligno,
753 1359 816 1454 sed
836 1364 876 1437 in
899 1384 951 1436 ee·

93 1457 169 1536 dem
191 1456 248 1534 die
271 1457 667 1563 fipelietnr.(d)'n1s1
702 1459 800 1536 forte
832 1461 951 1535 enimi·

93 1561 151 1636 nis
176 1561 270 1634 tatio
295 1558 473 1659 postulate
497 1562 702 1645 videretur,
735 1578 779 1633 ut
806 1560 854 1634 ad
880 1580 952 1634 tet·

92 1671 215 1735 rorem
240 1660 490 1733 incutiendum
516 1659 679 1760 pluribus
692 1659 836 1747 diebus,
863 1662 950 1757 quin

50 1801 56 1807 ·
94 1759 134 1834 &
157 1757 336 1833 menfibus
363 1756 521 1858 suspensa
547 1760 583 1831 in
601 1756 764 1856 patibulo
792 1772 949 1855 corp'otu

92 1855 408 1955 relinquerentur,
438 1858 494 1931 uti
518 1859 673 1954 contigit
708 1853 790 1930 filiis
817 1856 948 1932 Saule

93 1956 312 2032 Gabaonitis
335 1957 572 2056 permittente
594 1957 717 2029 David
741 1955 778 2029 in
798 1978 947 2031 crucem

91 2052 191 2130 ustis.
235 2059 302 2148 (e)
368 2055 536 2154 Denique
578 2055 708 2141 aliud,
744 2053 783 2128 &
811 2052 949 2131 infame

90 2149 222 2227 mortis
246 2174 363 2252 genus
386 2175 478 2239 erat,
497 2154 674 2251 lapidibus
700 2152 949 2228 obruere-no·

90 2272 237 2325 centem
262 2248 323 2323 vel
349 2247 583 2337 idololatriae,
606 2251 666 2324 vel
692 2246 982 2352 blasphemius¹

89 2347 151 2423 nel
178 2347 324 2421 Subbati
348 2345 503 2437 violati,
535 2370 601 2422 aut
626 2349 806 2424 adulterii.
869 2351 947 2447 Qui

90 2448 231 2523 crimen
256 2446 436 2541 eiusmodi
468 2450 521 2523 ab'
539 2446 654 2523 altero
691 2444 869 2524 commiffi
892 2453 948 2523 iu·

6 2569 12 2575 ·
90 2548 227 2620 dicium
255 2545 301 2620 ad
323 2545 471 2644 Judices
497 2546 642 2634 adtulit,
658 2546 954 2630 testimoniuadae

88 2647 244 2746 probato
280 2646 418 2743 primus
450 2644 587 2745 lapides
620 2648 657 2718 in
681 2656 786 2720 reum¹
824 2647 946 2743 conje-

87 2746 165 2828 cit;
200 2762 280 2816 tum
313 2743 470 2842 populus
502 2744 659 2818 eundem
675 2746 873 2844 'excipiens
896 2745 953 2822 Ιιι.

88 2843 234 2939 pidibus
258 2848 362 2915 'extra
386 2842 512 2915 urbem
536 2841 587 2917 est
612 2843 846 2939 persecutus,
877 2846 946 2923 do·

61 2962 157 3012 -uec
180 2952 338 3014 mortem
363 2960 566 3040 oppeteret.
592 2943 644 3015 itu
669 2946 958 3042 precipiebatur.

84 3037 125 3136 ih
149 3034 242 3112 libro
266 3038 433 3114 Levitico
468 3037 541 3135 (f)
594 3038 693 3116 Educ
717 3038 947 3142 blasphemum

238 3176 254 3201 ν
888 3168 947 3221 ex·

164 3253 233 3335 (d)
261 3200 457 3323 Dememnt..
564 3258 628 3342 (ὁ)
649 3272 680 3326 n.
695 3256 775 3349 Reg.
787 3280 840 3331 21.

162 3340 230 3430 (f)
261 3342 426 3432 Leuit.24.
653 3385 659 3391 ‚
