2084 3690
238 165 506 287 Antiquitatts
531 165 795 263 Iitbrmorum.
870 204 961 293 '¹07

111 333 239 424 siabit,
262 334 300 409 δι
326 357 374 433 po
402 332 504 407 ulum
528 334 585 408 his
614 335 734 433 verbis
758 334 963 411 adhortabi-

113 452 194 509 tut:
221 429 362 507 Audit
377 431 454 517 rael
464 462 476 505 .·,
501 456 564 507 vos
584 427 682 507 bodie
699 448 827 508 contra
843 437 963 527 inimi·

111 556 171 608 cos
190 534 320 622 vestros
332 549 493 634 pugnam
511 532 767 607 committitis:
794 557 863 608 non
880 552 963 634 per·

81 630 275 726 ¹,timescat
300 655 364 706 cor
387 628 557 724 vistrum,
585 629 698 705 nolite
714 646 885 722 metuere,
906 660 965 709 no·

112 728 181 807 lite
201 726 343 817 cedere,
369 753 432 805 mc
445 727 658 825 formidetis
682 755 737 806 eos
744 780 756 818 ,
784 735 870 834 quia
894 726 968 807 Do·

112 832 229 904 minus
246 830 343 903 Deus
365 828 476 919 vestiat
496 832 537 904 in
557 824 668 904 medio
693 834 802 919 aelim
825 834 896 925 est,

69 972 74 977 -
105 944 179 1030 pto
203 924 301 1002 vobis
326 944 456 1003 contra
473 926 695 1003 adverdtriot
712 924 908 1019 dimicabit,
924 945 967 1007 at

112 1034 296 1101 ermtvos
316 1024 357 1101 de
373 1025 548 1128 periculo.
601 1028 662 1101 111.
685 1024 785 1103 Ante
805 1026 966 1130 pugnam

113 1126 239 1203 Duces
261 1126 501 1228 persingulas
530 1128 712 1201 exercitus
735 1147 875 1203 turmas
900 1130 969 1204 cir·

113 1227 333 1315 cumibunt,
365 1227 403 1301 &
432 1227 664 1303 audientibus
690 1226 861 1302 omnibus
884 1250 968 1327 pro·

113 1322 344 1414 clamabunt,
377 1346 421 1400 ut
445 1325 629 1401 discedant
653 1324 699 1400 ab
720 1328 905 1415 exercitu,
931 1308 968 1401 dc

110 1444 369 1513 novereantur,
403 1426 467 1523 qui
490 1448 628 1500 novam
647 1425 806 1501 domum
833 1426 969 1501 struxe-

96 1543 201 1599 .tunt
217 1568 231 1609 ,
246 1598 249 1603 ,
267 1524 426 1597 necdum
452 1524 659 1597 dedicatam
683 1551 695 1597 a
737 1545 804 1599 aut
827 1528 890 1624 qui
916 1525 971 1599 vi·

88 1643 221 1696 ‚neam
244 1619 470 1719 plantarunt,
484 1621 643 1694 necdum
669 1620 716 1696 ad
736 1644 971 1696 communem

94 1714 218 1797 ,usum
251 1717 470 1803 excultam:
498 1714 559 1792 vel
581 1718 646 1815 qui
672 1719 831 1818 sponsam
858 1724 970 1798 duxe-

94 1838 220 1906 .runt,
246 1818 405 1905 necdum
432 1817 470 1891 in
495 1839 649 1892 uxorem
674 1815 895 1909 adsumtum,
924 1843 970 1896 ne

94 1914 213 2005 ¹forte
238 1917 419 2005 moriatur
443 1916 481 1989 in
504 1914 615 2005 bellu,
629 1917 673 1991 δι’
692 1917 785 1992 alius
811 1938 971 2019 occupet

76 2040 237 2115 ··.opus,
259 2016 360 2115 quod
384 2015 585 2089 inchoavit.
654 2016 747 2114 Item
771 2018 834 2116 qui
860 2019 980 2093 corde·

95 2115 251 2215 pavido
276 2110 356 2205 est,
383 2136 427 2187 ne
452 2128 586 2213 pavere
599 2106 728 2207 faciet
753 2112 867 2191 cordo
881 2116 971 2209 fro·

98 2226 215 2293 trum
228 2213 391 2307 suorum¹
418 2213 506 2293 JV.
532 2214 662 2309 Quum
678 2210 799 2311 ..finem
819 2212 972 2315 loquen-

99 2313 157 2387 ‚ui
181 2310 335 2386 fecerint
344 2312 489 2397 Duces,
514 2313 648 2410 reliqui
672 2310 863 2395 inferiores
882 2314 972 2389 Prac-

99 2407 201 2486 feei
228 2410 383 2510 quisque
400 2406 480 2481 suas
496 2410 543 2495 ad
566 2409 713 2485 strenue
731 2416 972 2512 pugnandum

97 2510 292 2585 .cohortes
318 2505 506 2592 animabit,
534 2504 787 2604 &expeditas
812 2512 971 2585 habebit.

96 2608 167 2695 ‚V·
193 2607 230 2681 Si
257 2606 303 2681 ad
328 2605 457 2680 urbem
481 2606 761 2703 expugnandam
786 2610 975 2706 egredien-

116 2724 206 2791 tur,
239 2706 397 2805 primum
429 2704 529 2804 pacis
560 2702 712 2803 confilia
724 2704 974 2806 suggerantur

117 2802 227 2893 hosti,
254 2805 316 2902 qui
342 2802 364 2875 fi
390 2821 516 2903 portas
540 2800 668 2900 sponte
692 2807 886 2975 aperuerit,
913 2830 972 2883 ne·

116 2903 212 2991 mini
251 2898 454 2977 incolarum
489 2900 627 2997 injuria.
662 2924 728 2976 ve.
756 2925 857 2981 moto
885 2902 975 2983 infe·

115 3019 250 3079 ratur:
290 2999 518 3097 solummodo
548 2997 759 3097 imponatur
783 3003 976 3083 tributum.

117 3100 190 3175 VI.
217 3100 253 3194 Si
279 3097 515 3187 deditionem
528 3100 704 3187 renuerit,
726 3100 767 3177 δι
786 3104 895 3179 armis
912 3128 977 3219 op·

119 3198 287 3303 posuerit
312 3218 437 3285 arma,
462 3216 671 3298 expugnata
692 3199 783 3279 urbe
798 3214 981 3302 percutiet

139 3352 155 3361 -
914 3312 979 3381 tut

970 3442 1016 3454 mh..
