2084 3690
140 184 226 292 164
468 171 601 289 Caput
640 169 676 259 1.

95 386 98 393 -
133 339 288 415 'manicae
330 333 429 422 ultra
475 334 640 410 cubi-turn
683 331 994 434 'prominuerintr

139 437 236 537 apud
259 434 430 510 mulieres
453 453 578 508 autem
603 431 717 531 usque
743 433 789 507 ad
808 451 995 507 extremos
1025 458 1032 465 ·

138 537 250 636 pedes
277 531 517 618 defluxerint,
548 533 699 606 manicis
734 533 833 605 circa
868 532 994 605 hume·

137 658 199 710 ros
222 630 472 720 strictioribus,
498 651 579 706 tum
606 654 699 706 vero
720 631 838 728 magis
862 631 993 730 magis·

139 756 213 830 que
240 731 273 806 se
296 729 553 817 dilatantibus,
579 730 617 805 &
640 730 736 805 circa
760 748 903 803 manus*
918 753 994 807 om·

52 913 56 919 .
140 826 233 905 nino
254 830 398 929 patulis.
458 831 631 904 Materies
655 825 817 904 vestium*
840 847 923 902 erat
946 827 994 901 ia·

63 951 81 1013 J
138 950 205 1021 na,
229 927 368 1016 linum,
400 930 620 1028 quandoque
642 927 872 1027 goiiypium,
907 926 993 1024 sape

138 1029 249 1103 etiam
275 1025 428 1125 byffusa
468 1025 569 1101 color
600 1025 729 1114 albus,
763 1024 823 1101 vei
841 1049 994 1124 ,purpu

137 1147 242 1214 reus,
267 1124 328 1201 vel
352 1123 566 1201 violaceus:
602 1126 740 1225 primus
764 1143 890 1199 tamen
917 1123 993 1198 reli·
1025 1197 1028 1201 ,

139 1227 221 1324 quis
246 1223 500 1323 frequentior,
526 1223 658 1322 utpote
683 1247 793 1323 quem
820 1222 895 1322 ipsa
921 1246 994 1296 ma·

138 1326 238 1399 teriae
263 1323 417 1398 vestium
443 1333 573 1396 natura
599 1323 710 1397 dedit.
776 1323 909 1396 Forma
932 1321 994 1407 vix

137 1444 299 1520 unquam
325 1420 568 1494 mutationem
611 1418 736 1506 subiit,
770 1420 831 1495 sed
864 1422 994 1495 eadem

138 1518 368 1596 servabaturr
395 1518 499 1619 plura
521 1540 646 1594 tamen
671 1517 888 1595 vestimenta
908 1521 994 1594 sem·

136 1643 202 1718 per
227 1639 353 1718 parata
376 1613 584 1706 habebant,
618 1641 697 1718 quae
729 1617 878 1692 alternis
906 1620 995 1693 vici·

137 1719 206 1792 bus
230 1720 438 1793 induerunt.
471 1783 479 1800 ,
512 1719 567 1807 lta
604 1713 769 1793 Naamus
805 1717 917 1816 Regis
943 1716 993 1792 sui

50 1872 52 1876 s
136 1818 285 1892 nomine
322 1838 496 1916 tanquam
540 1817 680 1892 donum
700 1814 846 1911 *obtulit
879 1815 992 1891 Eiiieo

136 1913 248 1992 decem
269 1917 468 1990 mutatoria
486 1915 654 2004 offiium,
689 1915 727 1988 id
752 1913 802 1988 est
816 1960 828 2002 ,
843 2008 845 2011 Ι
863 1917 992 1990 decem

136 2016 280 2088 tunicas
314 2037 400 2089 cum
424 2007 735 2114 totidem‘palliit.
802 2015 993 2089 Summam

119 2114 271 2211 ,quippe
295 2135 419 2189 curam
444 2112 676 2212 &pompam
698 2113 856 2187 Veteres
882 2115 921 2188 in
946 2137 991 2188 eo

134 2211 358 2310 posuerunt,
382 2232 441 2293 ut
456 2280 460 2290 s
476 2210 601 2307 saepius
636 2209 752 2285 vestes
778 2231 992 2299 mutarent,

134 2314 272 2407 eoique
299 2309 482 2381 servarent
507 2329 623 2406 xquarn
646 2308 787 2408 possent
810 2306 992 2388 mundiffi·

132 2429 223 2480 mas.
272 2404 326 2480 bit
349 2427 439 2480 vero
468 2404 670 2507 fingulatim
697 2409 832 2506 aliquid
857 2412 992 2498 dehac

82 2561 100 2577 ,
132 2528 173 2582 re
199 2505 395 2592 dicamus,
425 2506 665 2583 Hebraeorum
694 2507 810 2583 vestes
835 2524 926 2608 toga
951 2509 991 2584 &

44 2616 56 2691 ξ
132 2604 283 2703 pallium
310 2603 425 2678 fuere.
476 2605 577 2679 Prior
599 2618 678 2679 erat
700 2608 900 2682 admodum
921 2608 992 2682 lar·

14 2720 19 2730 ¹
129 2725 190 2874 fia,
215 2724 259 2777 ut
283 2695 466 2778 laboribus
489 2722 671 2803 perpetuo
697 2706 827 2780 intenti
843 2729 889 2781 eo
915 2708 1016 2808 agi·'

119 2847 123 2856 ι
158 2823 240 2875 ores
266 2802 312 2876 ad
337 2821 483 2875 motum
508 2795 752 2896 membrorum
777 2803 992 2893 effentado·

128 2899 181 2998 nri
220 2922 313 2974 eam
333 2898 497 2974 laxantes
534 2900 608 2976 aeri
644 2903 807 3000 perviam
832 2904 991 3004 relique·

129 3014 240 3069 runt:
269 3016 308 3072 at
332 2998 369 3072 in
396 2998 525 3072 itinere
551 2996 611 3074 vel
635 3003 706 3074 ruri
732 3001 879 3101 cingulo
901 3027 991 3083 con·

85 3123 88 3128 ·
128 3091 320 3191 strinxere,
342 3117 390 3172 ne
418 3092 684 3198 impedimento
711 3097 832 3175 foret:
848 3095 989 3202 finge,

798 3220 859 3301 3?
898 3205 986 3293 suc,
