2084 3690
51 35 58 295 Ι
266 179 489 295 sseolngiae
515 182 761 299 Scholastica.
848 194 936 298 489

91 331 184 407 licitis
202 331 378 427 corporis
397 330 646 427 voluptatibus
670 327 819 406 exclulis
844 331 934 406 solat

89 433 185 505 animi
206 428 414 528 spirituales
439 430 621 527 castasque
638 430 784 505 delicias
806 429 935 504 admit-

88 534 232 603 tebanta
265 546 386 627 atque
416 527 494 601 haec
519 526 647 605 ultima
671 529 798 627 opinio
822 529 935 603 etiam

51 698 53 717 ,
91 629 224 703 Parrum
247 627 419 722 aliquos,
455 645 498 700 ut
519 630 713 716 lrenaeum,
751 626 934 726 Apolline·

50 726 54 811 ἔ
91 748 176 816 tent,
207 723 505 815 Tertullianum,
538 725 768 802 Lailantium
800 726 873 800 &n
894 726 936 802 dt

50 818 53 833 '
87 826 284 925 aliquando
300 825 414 898 etiam
428 825 667 923 Augustinum
684 842 858 923 patronos
873 848 935 899 na·

93 923 140 998 ua
157 925 219 1000 est.
271 946 361 998 nam
384 922 532 1020 quaelii'o
548 927 626 997 ltaec
645 946 691 999 eo
707 942 876 1020 tempore
895 924 935 997 in

50 1058 52 1103 '
93 1021 937 1211 inffllltlilllltlllltillitati

52 1210 78 1263 'a
96 1218 164 1295 fult.
209 1218 405 1320 Theologi
422 1240 521 1293 nunc
536 1216 719 1315 sequentia
736 1200 859 1292 hucin
877 1240 939 1292 ne·

91 1323 183 1494 ssntin
197 1323 382 1420 dogmata
403 1318 534 1391 ordine
553 1317 712 1413 quodam
735 1314 938 1415 proferunt.

118 1418 207 1497 rimo
227 1419 385 1517 quidem
400 1417 553 1502 docent,
572 1416 832 1491 abeatitudine
850 1413 937 1490 ient·

91 1520 227 1635 piterna
245 1516 423 1592 excidere
438 1538 565 1588 omnes
582 1514 828 1601 insanimus,
855 1535 937 1610 quae

90 1638 126 1690 ιιι
142 1616 238 1692 statu
253 1614 402 1715 peceati
424 1616 541 1714 gravis
560 1615 723 1688 nondum
740 1614 874 1710 expiati
891 1632 939 1684 ex

48 1798 50 1813 Ι
91 1714 156 1790 luc
171 1718 254 1793 vita
274 1715 477 1814 migrantes
492 1711 585 1805 justo
602 1711 661 1786 dei
675 1711 811 1805 judicio
828 1710 873 1784 ed
888 1709 939 1783 in·

48 1828 50 1855 ¹
91 1810 178 1890 sent
196 1810 380 1913 supplicia
396 1813 637 1895 damnantur,
660 1832 818 1908 quotum
838 1827 942 1883 aetet·

93 1914 243 1987 uitatem
272 1908 420 1983 definiit
444 1922 573 1984 contra
598 1906 803 2007 Origenem
824 1909 942 2002 Syno-

48 2084 50 2095 ,
92 2014 154 2086 dus
169 2006 373 2087 Generalis
388 2009 437 2082 V.
489 2010 680 2082 Secundo:
708 2000 944 2079 lllorumani·

47 2156 51 2307 ζ
93 2109 328 2283 ll’lill
341 2105 942 2303 {ti‘lellllillii‘lllnlll

97 2306 199 2404 plene
224 2303 479 2378 satisfecerunt
487 2351 499 2390 ,
533 2304 570 2375 in
598 2303 796 2403 purgaturil
818 2301 941 2401 poenis

102 2405 272 2489 detineri,
298 2404 420 2489 donec
444 2400 597 2474 residuae
612 2420 848 2501 peccatorum
867 2423 942 2473 ma·

109 2504 193 2579 culae
217 2502 373 2600 penitus
396 2499 585 2596 expiarint.
658 2501 787 2574 Tertio
807 2526 819 2572 ι
855 2497 943 2572 llloe

107 2604 163 2697 qui
180 2599 262 2701 post
283 2595 569 2674 consummatam
591 2622 612 2671 a
636 2596 779 2675 Christo
802 2597 943 2674 redent-

103 2702 260 2799 ptionem
280 2697 385 2775 omni
400 2714 503 2771 reatu
522 2714 596 2770 tam
609 2697 723 2795 culpae
740 2721 847 2796 quam
867 2718 945 2797 ραι·

102 2824 151 2873 nae
163 2799 273 2874 vacui
299 2819 320 2870 e
336 2797 412 2870 vlta
431 2791 615 2893 migrant,
643 2818 716 2871 non
735 2798 868 2870 debere
884 2817 945 2868 ex·

104 2894 255 2995 (pestate
272 2897 312 2969 in
330 2894 414 2969 loco
431 2894 590 2991 quodam
608 2895 719 2968 tertio
735 2893 946 2993 generalem

107 3016 299 3095 corporum
320 2988 634 3080 resurrediionem,
659 3009 723 3065 aut
735 2991 814 3090 post
826 2990 947 3065 'extre-

106 3116 201 3168 mum
223 3091 353 3187 judieii
379 3092 477 3167 diem
504 3114 569 3188 per
593 3088 693 3166 mille
722 3110 837 3164 annot
859 3108 948 3159 cunt

106 3191 245 3273 Christo
266 3193 306 3271 in
327 3192 434 3269 tetris
451 3184 670 3360 'refundens
688 3184 778 3280 elie,
804 3181 951 3366 utllllil·

343 3340 348 3345 -
508 3309 571 3383 ιφ
875 3307 966 3367 ent·
