2084 3690
181 197 450 317 Arsiiqur'iatrs
477 170 741 289 Iiebtaeorum.
859 229 913 317 17
989 274 992 283 .

54 360 254 464 cicerisque
294 363 452 461 antiquis
490 360 768 461 poffefforibus,
809 364 913 462 quod
995 384 998 405 ’·

54 462 178 539 Moses
202 465 459 547 inchoaverat,
486 464 650 561 regimen
669 459 820 536 stabilire
835 487 912 537 coe·

55 566 114 663 pit
132 588 145 647 ς
175 587 219 637 ac
245 563 402 659 primum
418 561 565 657 quidem
582 560 770 660 regionem
789 581 912 639 totam

54 663 189 761 partim
208 660 320 746 sorte,
343 662 476 758 partim
499 661 646 733 arbitrio
674 661 912 737 habitandam

53 758 174 835 divisit
201 762 297 834 inter
322 780 543 833 memoratas
565 758 759 833 duodecim
781 759 921 848 tribus,-

54 860 118 933 ffia
133 859 249 933 cuivis
265 863 434 955 portione
454 880 501 930 ac
519 857 692 931 limitibus
706 858 910 959 adfirmatis,

54 978 210 1057 excepte
226 958 322 1030 tribu
350 958 461 1042 Levi,
483 977 562 1053 quae
589 957 633 1028 ab
657 957 725 1030 irae
752 957 911 1036 sortione
959 1040 961 1045 ,

19 1114 22 1121 .
56 1054 223 1131 iirbmotn
242 1054 314 1142 est,
338 1079 406 1130 nec
422 1060 517 1128 inter
535 1052 694 1150 reliquas
708 1057 823 1129 tribus
842 1081 912 1129 nu·

56 1150 210 1242 metata,
238 1153 367 1242 fedei,
394 1156 433 1227 in
458 1155 563 1250 cujus
588 1150 718 1227 finibus
744 1153 913 1229 consede·

55 1272 142 1341 rat,
180 1251 384 1352 adscripta:
424 1276 547 1350 neque
580 1274 662 1350 pars
699 1251 773 1326 ulia
806 1273 913 1328 terrae

55 1352 146 1427 huic
170 1352 334 1426 concess‘n
360 1350 443 1439 fuir,
469 1350 527 1425 sed
553 1350 761 1437 sacerdotia,
788 1355 913 1448 primi·

57 1452 129 1535 tiae,
152 1451 313 1537 decime,
335 1449 503 1536 victime,
529 1474 683 1549 quaeque
707 1453 745 1524 in
770 1453 910 1550 templo

56 1548 181 1625 offerri
213 1549 400 1632 solebant,
439 1550 520 1619 [unt
551 1550 745 1623 adtributa.
811 1553 912 1625 Tum

55 1648 205 1747 judices
229 1653 272 1717 'ac
289 1643 519 1743 Magistratus
544 1669 608 1743 per
633 1669 760 1722 omnes
784 1650 911 1725 ciuita-

56 1766 111 1821 tes
138 1741 336 1826 constituit,
362 1742 506 1842 ipseque
533 1760 616 1814 cum
631 1743 801 1821 Eleazaro
821 1746 912 1819 sum·

55 1868 120 1919 mo
153 1841 349 1916 Sacerdote
383 1865 426 1915 ac
451 1843 658 1916 Senioribus
690 1847 735 1916 ad
761 1845 911 1921 clavum

56 1940 279 2039 Reipublicae
321 1938 446 2014 sedens
484 1940 628 2014 consilio
647 1972 650 1983 ’
669 1941 706 2016 &
740 1943 911 2044 exemplo
958 1982 968 2009 s

54 2036 189 2115 toneia
205 2038 359 2136 provide
384 2062 427 2114 ae
452 2037 595 2113 fortiter
620 2041 910 2118 moderatusest.

52 2142 219 2215 Domum
243 2135 338 2212 senio
365 2135 553 2212 confectus
570 2138 911 2235 omnemisraeiem,

54 2236 291 2333 Maioresque
317 2258 419 2319 natu,
446 2238 483 2309 ὅ(
510 2238 704 2337 Principes,
721 2236 911 2329 &Duces‚

56 2337 97 2413 &
121 2337 312 2435 Magistros
335 2337 372 2407 in
399 2338 614 2409 concionem
637 2340 807 2427 vocavit,
830 2340 912 2437 (u)

55 2435 325 2530 innovavitque
358 2431 481 2504 foedus
513 2436 715 2509 Dominum
747 2440 842 2512 inter
872 2440 913 2513 ὅτ

55 2532 267 2633 populum,
300 2531 374 2626 jam
407 2556 428 2604 a
460 2532 685 2629 temporibus
714 2528 912 2613 Abrahami
1008 2556 1011 2561 ’

57 2628 309 2707 constitutum.

131 2808 276 2909 Verum
300 2805 405 2901 juvat
420 2802 579 2904 penitius
602 2805 785 2904 regiminis
800 2807 911 2906 huius

57 2904 216 2983 formam
243 2904 425 3003 inspicere.
490 2904 729 2979 Hebraeorum
753 2931 800 3006 po
827 2907 912 2983 ulus

58 3024 140 3082 erat
161 3004 379 3104 bipartitus:
412 3024 523 3075 unam
550 3024 693 3103 partem
718 3029 788 3083 con
805 3029 916 3083 ecere.

80 3199 206 3309 xno
242 3190 449 3299 nonni„
859 3128 913 3181 ‘¹¹'

96 3328 668 3439 Brnrrorrt.Dorr1sr.Lrs.XIV.'
737 3314 766 3388 Β
