2084 3690
38 290 42 301 .
132 204 216 293 170
475 168 603 291 Capul
647 168 698 262 V.

122 359 189 511 pet
203 322 219 421 ‚¹
243 333 379 418 modo,
418 333 505 431 quin
532 336 712 410 Veterum
749 331 980 428 opinionibus

138 434 300 513 erviliter
324 433 506 515 adhaerere
532 440 727 530 cogamur,
759 433 826 505 uti.
841 429 980 523 faciunt

122 534 267 631 ingenia
306 533 536 608 mediocria:
578 532 751 629 quodque
793 540 978 630 novorum

122 637 288 708 omnium
315 633 528 728 dogmatum
562 631 691 705 notitia
722 616 978 704 inde'h'auria-
1011 629 1012 633 ’

123 751 206 816 tur,
242 732 293 807 ita
323 749 368 807 ut
399 730 437 799 in
466 729 653 802 Nobilium
681 728 717 801 ἃ
742 729 976 803 Eruditorum

64 825 69 831 “
122 825 366 905 conventibus
398 825 483 902 scite
511 828 690 926 proponi,
724 824 850 901 feliivo
884 824 976 901 susti·

121 929 199 1006 neri
226 951 269 1003 ac
292 928 511 1025 propugnari
550 946 713 1021 queant,
747 925 784 1017 br
818 946 976 1023 paratra-

120 1028 276 1124 gaediare
300 1025 433 1110 liceat,
466 1026 502 1099 id
529 1027 630 1128 quod
664 1046 738 1098 non
769 1022 892 1097 levem
916 1022 975 1099 'sa-

121 1127 267 1227 pientiae
311 1144 437 1202 notam
478 1149 630 1220 parere,
674 1147 717 1197 ac
758 1122 974 1197 eruditionis

119 1221 365 1301 charabierem
388 1224 594 1322 imprimere
621 1220 721 1300 solet.
793 1222 862 1295 His
883 1221 974 1297 aliis·

118 1342 294 1417 queram
321 1319 497 1404 suaviter,
531 1343 643 1416 quam
669 1321 800 1396 leviter
831 1321 868 1392 in
892 1318 973 1394 libri

20 1492 25 1507 ,.
115 1419 242 1499 limine
265 1419 510 1517 pronunciatis
532 1401 736 1494 inesca'ntur
756 1414 909 1494 leliores
923 1420 973 1492 in

96 1520 220 1603 cauti
247 1541 356 1615 quarn
394 1515 563 1616 plurimi,
601 1520 781 1616 praecipue
819 1518 972 1612 juvenes

117 1641 162 1694 ac
187 1615 345 1692 foeminae
372 1614 571 1702 nasutulae,
599 1638 653 1690 >ut
686 1619 839 1691 aliorum
867 1615 970 1690 libro·

116 1737 199 1796 tum
248 1734 574 1815 quantumcunque
617 1715 760 1788 utilium
802 1706 971 1789 n‘auseam

115 1815 351 1919 concipiant,
386 1812 467 1889 illos
501 1812 592 1889 solos
625 1815 868 1913 deprudicent
890 1833 970 1887 tan·

114 1936 225 2016 quam
250 1909 482 1992 oraculorum
510 1911 672 1999 sacraria,
695 1913 732 1984 ὅ(
753 1935 970 2006 arcanorum

63 2010 66 2015 ’
113 2013 280 2087 omnium
308 2013 547 2109 compendia3
582 2011 969 2109 commiserationeque

105 2110 242 2207 alignos
276 2108 530 2206 proclament,
577 2108 656 2206 qui·
675 2108 764 2183 alios
783 2108 968 2209 legendi,

70 2244 75 2251 ·
111 2212 201 2304 quin
235 2205 488 2302 &aspiciendi
520 2206 679 2283 laborem
718 2207 782 2281 fibi
809 2207 967 2287 sumunt.

99 2303 153 2386 .1n
179 2304 235 2379 his
259 2302 358 2384 libris
382 2306 554 2402 opinione
579 2304 640 2379 sua
664 2308 756 2381 adeo
785 2306 967 2382 cultis-or·

110 2403 280 2498 natisque
306 2401 477 2500 plurimas
502 2405 665 2481 invenire
702 2406 877 2480 veritates
912 2425 968 2481 at·

108 2525 183 2600 que
209 2498 389 2584 doiirinas
412 2501 471 2581 sibi
497 2505 686 2591 videntur,
708 2503 795 2579 olim
822 2502 966 2602 prorsus

104 2599 317 2684 inusitatas,
357 2601 396 2681 ὅ(
439 2602 613 2677 ambabus
655 2602 834 2675 manibus‘
859 2602 968 2678 velut

107 2699 205 2779 coelo
230 2695 388 2796 delapsas
414 2701 600 2798 excipiunt
623 2728 635 2795 ³,
668 2699 809 2773 discunt
839 2720 962 2777 conte·

104 2819 232 2879 ninere
258 2797 398 2882 multa,
432 2821 513 2895 quae
538 2796 683 2896 plurimi
710 2797 867 2875 saciabat
888 2805 968 2875 Au·

106 2897 279 2991 tiquitas,
305 2896 343 2976 δι
366 2898 402 2969 in
428 2899 578 2969 dubium
602 2920 735 2972 vocare
761 2899 964 2987 veritates,

89 3064 93 3071 ,
133 2993 239 3069 uibus
263 2991 480 3085 olimvelut
505 2992 705 3074 certiffimis
722 2996 965 3073 adhibebatur
993 3024 996 3029 ·

85 3015 207 3168 aloes,
280 3090 524 3175 Gratulantur
559 3094 648 3193 sibi,
687 3095 725 3170 δι
755 3094 961 3191 plaudunt,

84 3188 206 3299 „quud
235 3188 356 3283 aricio
390 3215 466 3298 quo
498 3195 678 3299 Superum
692 3209 699 3227 ¹
715 3191 843 3273 lavore
873 3213 963 3368 t{au-

752 3364 754 3373 .
898 3318 960 3373 em
