2084 3690
108 212 193 304 sao
280 190 372 307 Cap.
409 172 499 281 Vll.
558 188 784 278 oeconomia

93 338 213 427 ,Alter
246 338 295 414 est
325 336 433 414 status
468 356 605 415 naturae
638 341 787 438 integrae
804 379 838 426 ,·-
857 334 951 437 ultra
981 338 988 389 Ι

107 432 347 537 perfectiones
373 437 584 513 naturaliter
607 437 746 511 debitas
772 436 879 511 donis
905 438 952 509 in·

108 537 239 612 debitia
262 536 475 624 cumulata,
501 536 634 625 scilicet
658 532 817 635 perfetio
840 531 952 627 subje-

107 632 229 711 &ione
252 643 436 733 appetitus
458 637 503 709 ad
529 632 951 719 reclamationem&

107 732 258 808 rationis
284 734 331 807 ad
356 732 504 822 Deum,
530 734 764 826 exemptione
788 732 833 805 ab
859 728 953 805 inlit-

67 916 70 921 ,
105 832 293 905 mitatibus
319 832 508 931 corporis,
540 830 578 905 δι
603 828 814 923 elevatione,
831 831 880 902 ad
905 826 954 901 lu·

107 927 351 1028 permaturalia
369 952 381 1018 3
406 928 523 1027 qualia
545 930 641 1003 dona
660 927 809 1003 fuerunt
829 927 868 1001 in
885 924 966 1027 pti·'

105 1028 176 1101 mis
203 1028 412 1124 parentibus
437 1046 522 1101 ante
545 1045 749 1124 peccatum.
800 1024 953 1100 Tertius
986 1084 988 1097 .

1 1220 2 1224 Ἰ
106 1126 255 1199 demum
283 1123 390 1198 status
416 1144 550 1199 naturae
576 1122 698 1218 lapso,
731 1124 879 1222 quaudo
904 1126 978 1197 ni·'

12 1230 15 1235 '
106 1227 240 1298 mirum
258 1223 445 1329 justitiam·
465 1220 677 1322 originalem
701 1222 738 1297 ἃ
766 1222 954 1321 integrita-

105 1341 205 1410 tem,
231 1345 340 1419 quam
366 1322 403 1394 in
429 1320 545 1416 primo
572 1340 720 1419 parente
744 1336 954 1417 acceperat,

105 1443 152 1494 eo
177 1437 354 1517 peccante
380 1418 546 1515 perdidit
596 1423 717 1515 Atque
741 1420 777 1492 in
801 1419 877 1492 hoc
901 1417 955 1491 ul·

106 1519 199 1611 timo
228 1517 341 1605 statu,
368 1520 499 1613 inquo
523 1513 728 1605 versamur,
754 1513 955 1591 ostendunt

91 1614 288 1712 ,Theologi
319 1635 445 1689 contra
479 1611 693 1712 Pelagianos
724 1612 761 1689 δι
791 1612 952 1711 Semipe-

102 1710 292 1881 lafianosa
322 1714 472 1812 gtatiam
507 1710 578 1787 elle
608 1708 835 1787 neceliarl'am
865 1730 953 1783 tum

94 1835 124 1911 ,a
176 1835 219 1884 ea
244 1811 517 1911 cognoscenda,
544 1831 700 1904 quotum
725 1810 856 1885 notitia
881 1828 951 1905 per

102 1906 140 1983 se
163 1911 208 1982 ad
233 1907 382 1982 salutem
409 1910 611 1994 conducit,
650 1925 729 1982 tum
754 1910 800 1983 ad
827 1906 955 1981 saluta·

4 2070 26 2091 ,,
103 2007 192 2080 riter
226 2007 453 2103 operandum
486 2006 523 2079 ὅ(
556 2007 600 2076 ad
625 2028 753 2105 graves
781 2006 954 2097 tentatiof

68 2178 71 2182 .
104 2127 170 2176 nes
202 2103 443 2198 superandas,
479 2123 556 2175 tum
582 2104 740 2200 denique
765 2106 811 2177 ad
838 2102 955 2201 perse·

104 2199 305 2273 vetantium
327 2202 361 2270 in
381 2200 492 2287 bono,
507 2202 650 2274 dicente
669 2202 855 2299 Scriptura
873 2200 974 2297 (h),-

2 2384 10 2399 .,
100 2294 219 2371 Nemo
241 2296 357 2395 potest
389 2300 512 2370 venire
541 2295 589 2371 ad
617 2323 691 2386 me,
728 2298 807 2393 nist¹
818 2314 952 2399 pater,

102 2398 168 2497 qui
190 2396 242 2468 mi
254 2409 288 2467 at
309 2419 385 2482 me,
419 2402 586 2469 traxerit
605 2421 700 2484 eum,
728 2397 864 2471 scilicet
889 2418 955 2497 per

102 2496 227 2591 gratiae
252 2493 434 2567 auxilium.
476 2496 512 2566 ὃ(
539 2498 589 2588 (i)
604 2495 683 2588 fine
709 2518 787 2583 me,
817 2490 954 2597 nempe

81 2592 218 2689 ‚gratia
242 2616 349 2680 mea,
378 2586 475 2666 nihil
487 2595 636 2692 potestis
648 2593 787 2686 facere.
833 2595 954 2669 immo

102 2710 178 2763 uon
209 2686 324 2784 solum
351 2693 396 2763 ad
421 2692 739 2765 consummandam
772 2686 951 2781 salutem,

12 2850 19 2865 ,
101 2780 162 2883 sed
185 2789 231 2861 ad
263 2788 375 2887 ipsum
407 2792 518 2865 etiam
555 2787 672 2867 salutis
705 2787 852 2863 initium
882 2790 955 2865 sine

14 2874 32 2917 ³·
87 2880 214 2983 'gratia
233 2896 417 2983 impotens
437 2880 506 2959 eise
531 2884 685 2961 liberum
713 2886 875 2960 hominis
897 2910 953 2962 ar-

100 2982 246 3059 bitrium
276 3006 402 3058 contra
427 2981 658 3059 Maffilienses
690 3007 772 3056 cum
800 2985 836 3056 S.
867 2986 971 3058 Pro·

39 3074 42 3079 ’
91 3076 469 3185 Ι[ρεττοιίοιηοηίίτειηῐ.
502 3084 609 3156 Hanc
629 3085 667 3156 iu
684 3080 951 3179 hominelapio

27 3372 88 3416 h
134 3264 189 3370 (l)
211 3246 314 3372 &aaa
329 3305 356 3357 c.
372 3285 405 3357 6.
450 3286 492 3373 (i)
519 3282 556 3355 u
573 3299 673 3364 aaz.
831 3200 951 3280 lmpo'
