2084 3690
210 168 796 322 Antiquinres'llrbrooramss'
854 159 945 322 171?

113 388 170 442 uoe
193 369 313 468 palam
345 369 498 468 produci
532 366 691 468 polline,
722 369 744 442 sr
777 370 946 445 Domum
991 412 995 462 ·.

125 470 238 542 omini
265 471 323 544 seu
350 470 527 569 tempium
554 470 794 567 Solymarum,
822 470 860 542 dr
878 472 946 553 Sa,

48 598 50 603 ’
87 566 245 649 lomonis
270 567 447 666 palatium
472 570 651 667 excipias,
678 568 781 663 cujus
805 571 945 657 utrius·

38 660 40 667 ’
83 690 163 764 ,que
187 667 511 766 magnificentiam,
531 687 703 743 ornatum
730 668 769 745 δι
791 666 944 768 opulen-

84 768 179 840 tiam
204 763 416 867 ampiiffime
436 766 650 884 descriptam
676 769 799 868 legere
828 763 880 840 est
904 767 943 840 iu

89 867 201 940 tertio
224 870 367 966 Regum
394 865 497 943 libro.
522 869 618 961 (x).
651 868 865 943 Patriarchae
880 866 945 945 ha·

91 964 256 1040 bitarunt
278 988 321 1041 ut
347 966 543 1068 plurimum
580 975 767 1068 inaperta
797 967 948 1061 regione

46 1071 49 1079 '
91 1062 155 1138 sub
178 1067 359 1153 tentoriis,
376 1088 489 1166 prout
514 1065 728 1166 pascuorum
754 1061 942 1141 oecessitas

91 1165 279 1264 exigebat,
303 1186 347 1239 ut
372 1168 564 1242 numeroso
591 1170 691 1267 gregi
718 1166 781 1240 suo
807 1162 947 1261 semper

90 1262 205 1337 client
236 1263 440 1365 praesentes.
512 1266 611 1340 Hinc
646 1272 778 1340 domus
811 1285 943 1339 eorum

90 1382 195 1438 erant
227 1365 334 1440 velut
365 1364 622 1452 ambulantes,
658 1367 696 1441 ὅ(
728 1368 774 1440 ab
799 1387 875 1438 uno
908 1363 948 1438 iu

89 1459 202 1535 alium
226 1464 407 1539 translatu
431 1465 567 1540 locum.
618 1468 864 1540 Commodius
882 1484 944 1537 ne·

89 1580 199 1660 potes
224 1563 389 1647 habitare
413 1584 610 1662 caeperunt,
628 1567 690 1638 ubi
709 1563 861 1655 devidlis
878 1563 946 1638 bo·

91 1659 225 1747 stibus,
258 1663 308 1737 dr·
329 1661 484 1763 depulsis
508 1665 694 1738 veteribus
731 1667 860 1761 incolis
884 1684 946 1735 ur·

94 1759 182 1845 bes,
206 1762 362 1860 oppida,
387 1763 425 1836 de
451 1764 583 1861 predia
608 1783 712 1837 terrae
732 1764 950 1838 Chananaae
1021 1810 1025 1819 »

92 1856 329 1946 insederunt,
364 1862 405 1937 -in
430 1884 503 1961 qua
527 1864 659 1936 domos
696 1884 811 1936 novas
837 1859 944 1948 strue·

94 1958 183 2076 bant
194 1959 389 2076 lapidibus,
408 1983 566 2076 quorum
591 1963 778 2078 ingentem
803 1961 947 2076 copiam

92 2057 278 2245 lllllerllll
291 2059 947 2259 ,suggrepgtpbrptocrrcpu'pppietpdipllerg}

92 2256 225 2339 adium
252 2254 481 2333 collocabant
503 2259 627 2356 potius
652 2259 689 2331 in
716 2259 949 2356 symmetria,

93 2357 346 2454 proportione,
373 2380 424 2430 ac·
438 2356 601 2453 lapidum
620 2353 812 2452 jundiuris,
838 2378 950 2457 quam

95 2453 173 2529 aliis
212 2454 436 2527 ornamentis
470 2458 649 2528 duntaxat
690 2457 738 2529 ad
774 2462 963 2555 pompam.

95 2550 323 2630 facientibus.
387 2548 502 2627 Terra
534 2554 714 2627 domuum
765 2549 847 2628 lana
872 2553 951 2630 sue·
999 2640 1007 2649 ⁸

95 2672 211 2738 runt,
242 2669 287 2723 ut
310 2652 492 2749 captando
518 2651 592 2726 aeri
617 2575 779 2751 puriorl‚
806 2657 953 2754 prospe·

96 2747 171 2827 dur
197 2751 233 2824 in
258 2773 432 2852 campos,
464 2773 510 2826 ae
533 2748 818 2824 deambulationi
845 2751 952 2828 serui·

95 2868 192 2933 rent,
218 2873 329 2947 quem
351 2850 475 2924 iocum
503 2850 550 2924 ad
597 2847 733 2924 llas-unt
755 2847 954 2926 Solarium:

96 2944 250 3031 Accidit
282 2960 326 3020 ut
338 2945 511 3050 strrgeret
578 2944 670 3021 ovid
694 2943 736 3022 de
752 2950 873 3042 strato
895 2948 956 3040 suo
1013 2991 1016 2997 ·

88 3047 168 3147 post
187 3042 401 3146 meridiem,
430 3045 479 3132 θ’
500 3042 737 3121 &ambulavit
768 3052 809 3121 in
821 3046 958 3144 solario

93 3143 216 3231 domus
236 3145 320 3242 Jaae.
346 3145 424 3244 (y)
481 3147 542 3223 Ne
561 3164 698 3251 ¹autem
735 3142 831 3222 sorte
856 3148 959 3265 casus

899 3272 954 3324 rn-

170 3336 463 3425 s(x)s.d.s?7.
565 3339 636 3425 (y)
664 3337 856 3428 allegas.
929 3387 939 3426 r
