2084 3690
94 184 150 289 ‚a
427 164 554 287 capo
580 162 659 261 rrr.
708 142 722 155 ’
840 216 843 229 ·

96 332 226 418 status,
254 330 423 407 Diatribae
448 331 486 406 ἃ
509 331 694 433 Exegesea
720 348 834 431 atque
853 350 941 407 oon·

96 430 195 506 nulia
219 430 431 506 veneranda
456 432 692 529 Antiquitatis
729 450 810 505 rum
839 428 941 507 sacru

95 542 177 610 tum
216 526 373 630 prosaoae
407 548 646 604 monumenta
675 531 939 619 eontinentur,

96 650 162 731 per
191 631 327 725 priores
357 626 497 707 Tomos
533 626 695 726 dispersa.
763 630 833 703 His
866 626 941 705 elo·

95 730 195 827 giurn
224 722 411 813 subactio,
437 748 510 803 oon
534 726 770 803 domesticum
797 724 857 803 sed
883 748 941 803 ex·

96 844 240 911 rerum,
270 824 369 922 quod
393 847 439 899 ex
464 822 550 898 auis
574 826 807 901 Eruditorum
834 824 940 925 tipo·-

95 922 230 1001 enfium
267 925 397 998 recitat
434 922 646 1015 Honoratus
686 924 742 998 hia
775 924 937 999 verbist'

94 1070 121 1113 ‚,
139 1024 339 1099 Recondita
372 1042 411 1097 at
436 1044 481 1096 ue
512 1018 721 1123 amplissima
752 1024 938 1113 eruditio,

94 1120 318 1222 „perspicax
335 1046 581 1221 intessigeotia
591 1120 692 1196 labor
704 1116 864 1197 affiduua
878 1122 939 1197 bo·

94 1268 122 1310 ,‚
138 1243 219 1293 rum
244 1218 432 1293 illustrium
454 1218 671 1316 jesuitarum
691 1218 941 1321 perspicuasa·

94 1364 121 1407 n
138 1319 185 1390 tis
211 1316 304 1391 fiunt
326 1315 583 1405 confideranti,
608 1317 702 1418 ipsos
726 1319 772 1393 -in
798 1319 939 1393 diutur-

93 1460 120 1504 „
135 1438 184 1488 no
218 1416 290 1489 hoc
314 1412 535 1515 molestoque
560 1438 671 1516 opere
694 1412 877 1493 fabiorum
901 1418 940 1493 in

92 1514 422 1612 „uniuscujusque
461 1510 579 1597 sandi
624 1516 701 1590 vita
737 1514 940 1591 relatorum

94 1615 325 1701 „veritatem
358 1614 402 1685 ad
433 1615 607 1687 trutinam
638 1610 850 1703 revocasse,
878 1615 940 1690 ob·

92 1757 123 1801 „
141 1709 260 1786 scuros
297 1732 419 1785 textus
455 1713 605 1786 eruditis
643 1710 939 1788 adnotationibus

35 1900 38 1905 Ι
90 1856 119 1907 ,‚
138 1809 366 1909 explanasse,
398 1805 631 1886 difficultates
659 1810 937 1911 chronologicas

91 1907 377 2005 „expedivisse‚
407 1909 583 2008 piumque
614 1908 683 1985 alia
708 1904 937 2081 fferfi'ciendo

89 2018 119 2095 ·‚,
135 2007 221 2079 huic
245 2008 344 2105 operi
370 2006 561 2082 necessaria
586 2008 704 2081 addidi
734 2032 767 2082 e.
810 2010 942 2105 Qum·

90 2152 119 2193 „
135 2124 213 2178 tum
261 2108 417 2204 denique
452 2108 489 2179 io
521 2106 658 2182 Critice
696 2106 939 2182 accurationit

89 2202 202 2295 ·‚,esse
228 2202 356 2300 potest,
380 2224 522 2278 tantum
547 2204 606 2302 ipfi
633 2205 678 2278 ad
700 2226 789 2281 vera
814 2206 855 2279 bt
874 2202 939 2279 sai·

87 2330 117 2387 ·‚,
132 2298 167 2371 sa
193 2322 436 2379 monumenta.
462 2300 733 2377 internoscenda
768 2304 939 2379 traduxe-

84 2417 229 2485 „runt
278 2400 465 2479 Miraberis
488 2402 525 2475 in
548 2424 593 2475 eo
618 2400 835 2499 exquisitam
847 2424 939 2501 quo·

86 2495 178 2586 3‚ad
203 2494 363 2573 infinitos
393 2523 487 2601 pene
496 2546 507 2587 ,
542 2500 589 2574 de
620 2502 752 2599 quibua
782 2498 939 2599 loquun-

83 2604 115 2684 '„
130 2613 215 2683 tur,
244 2597 436 2694 regionum
472 2598 511 2675 δι
536 2592 713 2674 factorum
739 2597 939 2697 inquisitio·

85 2738 114 2782 ,‚
129 2718 212 2769 nem
238 2696 355 2770 muita
378 2698 587 2769 minutatim
614 2716 862 2795 narrataque:
880 2718 940 2773 nn·

33 2878 36 2884 ,
87 2794 237 2881 „tehac
261 2795 360 2894 apud
384 2793 584 2869 Histoticoa
616 2798 837 2896 compendio
861 2814 939 2871 tan·

81 2892 115 2976 ',‚
130 2910 209 2961 tum
244 2891 482 2992 legebantur;
518 2894 678 2969 habitam
712 2894 939 2969 mentionem

88 3028 118 3073 '’
131 2988 940 3167 {utitiirmffiuiiuipiiiimu

87 3126 117 3169 θ’
411 3138 423 3175 2
622 3138 625 3143 ·
925 3164 928 3169 .

88 3222 116 3269 η
129 3172 225 3270 ron,
250 3202 329 3282 quae
353 3210 540 3287 nunquam
562 3186 674 3267 fando
695 3198 790 3293 pene
813 3188 940 3367 ungite

131 3350 134 3359 .
438 3327 458 3357 ι
812 3334 846 3381 Ι,,
878 3308 937 3367 oe·
