2084 3690
102 188 106 194 ’
187 184 192 191 ·
314 159 455 271 Critiae
478 162 722 275 'Tleologicn
788 234 811 247 Α
853 155 944 285 853

271 361 273 365 ’
336 351 342 356 ’
399 328 648 452 cxxxvas

130 507 192 584 Ad
218 510 366 582 tertiam
404 505 545 583 classem
572 509 709 584 accedo
744 507 938 589 homiuum
1020 536 1023 541 ·

90 608 310 705 caeteroquin
339 605 595 694 eruditorum,
619 632 621 641 ·
645 609 683 683 &
711 607 936 708 politorum,

89 725 177 804 quos
192 706 468 782 Grammaticos
488 705 668 803 adpellare
684 704 736 781 fas
751 705 814 784 cli.
856 709 937 783 Hos

72 805 275 881 -oslcnderc
301 801 519 901 potiffimum
535 864 538 868 .
555 803 644 880 solct
674 828 744 893 ra,
785 828 868 904 qua
898 811 951 895 in¹

87 904 227 989 scholis„
247 921 437 1001 comparet
461 901 695 1002 Theologia‚
731 898 862 979 rustico
894 923 937 980 uc

87 1004 187 1098 ajunt
213 1001 345 1091 cultu,
380 1001 567 1099 multaque
593 1003 754 1075 barberie
780 1002 936 1096 foedata,

86 1100 189 1178 omni
209 1101 383 1178 sermonis
398 1099 500 1174 latini
519 1101 637 1175 nitore
651 1097 841 1189 destituta,
864 1102 938 1199 ple·

87 1198 219 1300 naque'
240 1202 339 1297 tugis
376 1198 645 1273 inconditarum
681 1199 861 1296 phrasrum
893 1223 938 1276 ac

87 1321 249 1387 vocum,
276 1320 404 1372 utnon
422 1315 497 1371 tam
515 1294 645 1371 nobilis
661 1298 849 1391 cujusdam
864 1323 938 1374 ma·
1001 1360 1004 1365 .

86 1417 214 1484 crona,
239 1419 346 1493 quam
365 1395 496 1469 vetula
513 1394 662 1469 trivialis
678 1397 830 1496 speciem
850 1421 936 1496 prat·

85 1496 228 1572 scierat.
296 1495 354 1567 oid
377 1496 473 1567 enim
493 1493 552 1566 sibi
570 1494 824 1572 voluntvoces
841 1495 936 1571 isiaca
1024 1529 1030 1557 ι

85 1498 510 1692 ᾠκήθθιώββθηήα,
537 1594 742 1666 incarnatio
769 1598 837 1670 &c
865 1621 938 1668 rea·

32 1710 34 1715 '
84 1699 198 1781 liter,
221 1691 455 1783 paenaliter,
480 1692 684 1764 concretive
698 1693 767 1766 &c
790 1716 868 1792 quae
888 1704 937 1768 in·
987 1727 991 1733 ·

88 1817 145 1868 ter
175 1792 328 1888 Scythas
354 1791 475 1888 potius
506 1792 542 1862 ὅ(
569 1792 605 1862 in
628 1790 745 1864 Ponto
771 1812 862 1866 narae
889 1795 963 1865 vn>

85 1896 244 1981 dentur,
269 1913 377 1987 qoam
397 1891 434 1963 in
454 1888 583 1960 Latlo?
610 1893 837 1985 Argumenta
859 1909 938 1986 qua

87 1988 258 2064 adferunt
276 1992 313 2062 hi
337 1985 464 2062 schola
489 1986 666 2064 Dosiorcs
680 2034 693 2074 ,
723 1986 937 2087 plerumque

89 2091 213 2184 jejuna
239 2085 319 2161 sunt
346 2087 385 2159 &
415 2085 596 2182 inficidae
633 2087 710 2162 hcc
735 2090 940 2163 obtrudunt

91 2186 275 2263 nauseanti
302 2184 487 2259 stomacho
503 2182 609 2261 velut
627 2184 722 2260 escas
744 2188 845 2263 omni
869 2185 940 2263 sale

89 2311 132 2360 uc
147 2281 386 2360 condimento
404 2304 579 2358 carentes.
632 2282 684 2360 Ita
700 2283 761 2375 fir,
780 2305 821 2359 ut
838 2286 940 2362 insul·
1019 2283 1022 2287 ’

91 2384 128 2460 so
145 2385 186 2458 δι
202 2382 312 2481 plene
329 2384 479 2456 barbaro
500 2383 643 2458 dicendi
658 2407 791 2482 genere
810 2385 941 2461 imbuti

89 2484 313 2560 severiorum
357 2479 620 2577 disciplinarum
657 2485 694 2554 in
729 2484 939 2560 Academils
1017 2527 1019 2531 -

89 2581 227 2655 alumni
252 2577 328 2654 fere
353 2601 503 2654 omnem
529 2576 702 2653 sermonis
729 2581 847 2675 Latini
870 2579 940 2654 cle·
977 2583 980 2587 ’

116 2679 433 2776 αηιίιιηρκηεηι,
463 2700 572 2776 quam
593 2694 695 2750 tanto
719 2677 755 2751 in
781 2678 944 2775 Gymna-

91 2707 147 2854 gis
167 2777 303 2866 studio,
331 2776 367 2850 &
392 2800 457 2874 per
483 2795 539 2851 tot
565 2797 682 2871 annos
704 2777 871 2869 improbo
895 2775 943 2853 lu'·
1023 2863 1026 2868 ,

93 2875 184 2953 borc
214 2875 295 2948 sunt
323 2874 518 2949 consecuti.
577 2877 644 2948 His
666 2892 707 2945 ut
732 2872 943 2953 satisfaciam

92 2974 429 3060 Grammaticorum
450 2972 618 3068 querelis,
642 2970 945 3071 illud'ptiusexa·

93 3076 184 3152 mini
218 3073 497 3162 subjiciendum,
525 3073 612 3170 quid
637 3073 705 3145 hac
730 3073 766 3146 in
795 3071 944 3171 rejudi-

95 3175 213 3250 catint
238 3172 367 3243 ‘Patres
393 3173 556 3266 antiqui:
594 3192 667 3245 non
695 3171 790 3246 cuim
815 3173 946 3249 eadent

136 3280 679 3351 Brauroarr.DoMusr.Lru.XII.
734 3269 802 3344 lii-
842 3290 948 3345 meuc
