2070 3690
91 238 194 353 ⁴1nn
250 258 254 277 ¹
450 224 578 346 Caput
610 222 662 317 V.

105 384 352 490 congreliibus
376 387 527 473 mirifice
550 386 735 469 exrollunt
761 389 844 467 hare
866 388 944 465 malr

104 487 317 577 feriatorum
334 490 556 570 Criticorurn
582 487 742 574 oracula,
760 488 945 569 imbibunt·

104 613 177 687 que
203 590 240 668 ii
272 587 332 688 ipsi
363 589 400 672 (tt
426 587 486 664 alii
512 611 584 662 non
609 610 691 668 ratu
719 585 818 668 sensa
844 588 945 668 honri·

102 689 141 765 ni
166 689 334 786 prudenti
375 685 413 761 &
445 687 626 769 catholico
655 708 788 783 parurn
814 687 944 764 decom

101 786 247 867 Interea
285 788 446 864 muneris
486 785 684 867 concrediti
724 806 851 886 partes
883 808 944 859 non

102 885 319 983 implentur,
351 887 499 986 negotia
524 881 721 962 domestica
753 884 792 958 δι
816 878 944 984 publica

100 982 348 1084 negliguntur,
375 983 498 1066 cauffo
525 1001 783 1083 prorogantur,
809 988 895 1063 dum
913 982 943 1058 in

101 1086 293 1170 manibus,
328 1085 365 1157 ὅ(
389 1082 451 1156 suh
474 1081 587 1157 oculis
612 1084 792 1157 continuo
816 1080 942 1163 verlan-

102 1201 164 1257 tur
189 1183 266 1257 libri
292 1181 426 1288 aliqui,
459 1183 520 1279 qui
546 1205 680 1280 magno
704 1182 813 1258 hiatu
838 1180 942 1255 nescio

100 1303 183 1379 quae:
222 1280 333 1361 status
380 1278 520 1361 Politici
555 1303 686 1360 arcana
731 1275 942 1367 eremium

99 1377 333 1486 profitentur,
355 1399 433 1476 qun
459 1402 580 1459 tamen
607 1378 736 1462 misere
762 1400 943 1460 concano-

44 1521 47 1525 ·
98 1498 179 1559 tnta
214 1502 260 1555 eo
285 1478 464 1561 duntaxat
496 1479 678 1563 tendunt-2
716 1496 762 1557 ut
798 1477 943 1557 incautis

98 1574 238 1656 suntme
276 1600 421 1660 noxiam
462 1579 498 1655 in
522 1575 705 1677 religionis
736 1574 943 1679 negotioli·

98 1676 303 1762 herotem,
337 1675 566 1758 Ecclefiastici
598 1674 752 1758 Ordinis
783 1694 832 1753 ac
852 1694 941 1773 pott-

97 1771 197 1855 statis
224 1795 477 1874 contemptum
487 1786 508 1860 ,'
532 1773 774 1853 invidentiam
809 1776 940 1880 piarum

96 1870 345 2048 imprimam,
371 1875 507 1972 quavis
533 1873 569 1949 in
590 1870 793 2048 Republica
817 1890 941 1951 noran·

97 1971 135 2048 di
175 1972 363 2061 'bidinem‚
393 1973 611 2051 &audendi
652 1974 839 2059 crociam,
869 1986 940 2047 vet·

96 2066 158 2153 bo,
184 2071 358 2169 principia
381 2071 418 2146 ἃ
441 2071 614 2170 dogmata
640 2068 941 2150 Macbiavellola·

94 2165 249 2245 miliaria
273 2166 455 2265 inspirent.
507 2176 657 2271 Qnrtn
684 2167 785 2246 mala
812 2169 941 2251 Crititu

95 2263 247 2345 aliorum
272 2264 573 2344 existimationem
598 2267 810 2359 imminuit,
837 2266 941 2349 cuni·

94 2378 210 2443 tatem
235 2360 362 2450 laedit,
402 2366 440 2442 ὃ(
478 2364 612 2445 famam
638 2363 789 2448 lacerat.
857 2364 941 2445 Sunt

93 2461 207 2546 enim,
232 2463 295 2563 qui
320 2463 476 2543 Critices
501 2464 693 2546 artificium
719 2463 799 2549 fere
826 2484 941 2545 toturn

18 2602 24 2614 ·
92 2558 130 2639 in
157 2582 202 2634 eo
228 2580 391 2660 ponunt,
427 2563 451 2646 st
476 2564 643 2645 omnibus
667 2566 939 2653 contradicere,

91 2657 240 2742 irridere
272 2662 452 2738 Veterum
486 2683 606 2740 mores
640 2659 680 2742 &
712 2661 939 2751 taurinam,

92 2754 181 2834 alios
207 2782 370 2841 errorum
404 2781 470 2841 aut
505 2758 606 2832 malz
639 2758 724 2839 fidei
766 2778 939 2863 arguere,

78 2874 184 2955 'quos
199 2855 376 2935 adversari
393 2858 597 2958 anticipatis
620 2860 860 2955 opinionibus
876 2858 938 2935 suit

90 2950 257 3041 eredunt,
279 2957 519 3056 contemptim
544 2951 710 3044 uastare,
736 2959 937 3045 &aculen-

90 3043 138 3119 tis
164 3043 325 3153 salusque
358 3052 460 3135 diuis
485 3052 678 3133 liberaliter
704 3057 937 3161 perstringere

87 3136 246 3228 Vstleaut·
304 3152 382 3227 'Sed
414 3153 585 3227 noverint
608 3150 692 3238 ilii,
735 3154 871 3233 latrare
896 3174 935 3233 ac

84 3240 256 3333 mordere
290 3271 425 3336 tenum
453 3247 611 3343 elini&
642 3251 708 3355 qui
733 3254 794 3339 his
817 3252 935 3427 ripun

328 3386 332 3393 .
856 3368 943 3435 m!
