2084 3690
161 182 430 318 Antiquiiates
446 198 709 289 Hidrcmrttm.
820 136 881 310 ΒΞ

79 364 181 454 ciat3
216 364 288 462 ipse
319 386 409 441 uero
440 364 480 437 vi
504 360 602 437 faita
629 361 776 436 veritati
801 383 887 433 eva·
940 416 943 421 .

72 466 145 536 dat.
197 464 338 537 Verum
358 462 546 549 Herodem
572 483 646 557 non
672 459 823 545 accuso,
848 457 886 529 s·
961 487 969 535 ἡ

77 563 234 661 quidem.
251 562 447 637 commodo
474 560 565 649 suo,
603 583 678 635 non
702 559 772 658 legi
798 581 885 632 con-

71 661 190 748 rulurt,
218 659 277 734 sed
301 684 383 749 vos,
411 680 476 737 aut
498 664 648 762 Regem,
673 659 735 757 qui
753 659 785 731 ei
804 675 884 729 tan·

73 780 150 833 tam
175 760 359 833 licentiam
386 759 566 833 tribuistis.
628 761 751 832 Unum
778 754 885 828 scito·

73 879 134 942 te,
161 859 361 932 maximum
386 857 456 932 effe
482 861 614 947 Deum.
652 879 771 954 quare
800 854 882 937 hic,
962 852 967 865 ’

74 981 183 1053 quem
225 955 324 1030 nu'nc
354 979 503 1055 propter
527 956 738 1052 Hyrcanum
765 953 885 1039 dimit·

73 1074 151 1129 rere
177 1054 323 1141 vultis‚.
342 1056 564 1152 quandoque
597 1074 664 1126 vos
704 1053 742 1125 δι
769 1050 885 1149 ipsum

72 1154 212 1252 Regem
254 1154 450 1248 torquebit.
526 1153 719 1249 Hyrcanos
758 1169 883 1222 autem

71 1274 186 1349 quum
213 1249 376 1337 vidium,
409 1251 549 1346 judices
581 1252 627 1325 ad
654 1272 780 1324 necem
806 1248 883 1320 He·-

73 1353 171 1451 rodis
198 1351 479 1448 propendentes,
504 1349 678 1443 judicium
704 1352 740 1421 in
767 1345 884 1447 poste·

72 1470 155 1523 rum
183 1451 279 1522 diem
305 1447 454 1535 distulit,
481 1449 518 1523 δι
544 1448 637 1522 ciam
663 1451 818 1531 monuit,
839 1465 883 1519 ut

71 1549 162 1621 urhe
188 1548 312 1619 abiret.
343 1593 369 1632 ‚,
426 1551 478 1618 Ut
503 1546 592 1620 vero
618 1565 740 1618 totum
765 1549 810 1618 de
828 1546 881 1641 ju·

68 1647 134 1717 ciis
158 1645 395 1718 Hebraeorum
430 1647 618 1742 negotium
643 1642 746 1717 brevi
771 1666 884 1716 manu

68 1740 237 1825 deluam,
264 1764 337 1816 tres
358 1740 610 1816 Tribunaiium
635 1743 780 1817 ordines
805 1739 884 1814 fue·-

68 1868 96 1909 ::
136 1842 272 1937 primus
307 1843 344 1915 in
368 1839 511 1938 finguiis
542 1842 633 1914 vicis
657 1845 767 1913 trium
794 1840 883 1930 iudi·

68 1963 139 2022 rm,
164 1940 227 2036 qui
253 1939 299 2012 de
323 1939 448 2012 multis
473 1941 687 2036 pecuniariis
714 1939 752 2012 dt
781 1937 885 2011 bonis

68 2035 228 2129 pbilibus
252 2037 541 2136 cognoscebant:
567 2036 669 2112 'aiter
694 2040 730 2109 in
757 2038 884 2109 civita·

68 2132 130 2209 bus
156 2135 298 2231 singulis
324 2137 454 2233 viginti
479 2138 588 2209 trium
613 2135 794 2232 judicum,
821 2134 884 2233 qui

68 2256 80 2309 t
105 2236 241 2307 civium
269 2233 450 2320 fortunis,
482 2234 626 2321 litibus,
659 2235 789 2334 podiis,
817 2235 885 2307 cri·

68 2333 363 2406 tinibus-minoris
387 2337 578 2420 momenti,
599 2358 642 2407 ac
665 2336 783 2433 poenis
804 2354 885 2431 pro

67 2430 285 2505 rnciabaott
323 2432 452 2503 tertius
485 2435 643 2527 denique
677 2433 883 2529 supremus,

67 2552 81 2607 s
105 2552 182 2626 quo
207 2530 349 2629 egimus
371 2527 495 2626 p'auiio
522 2551 629 2609 ante,
666 2536 727 2624 qui
764 2528 883 2602 sedem

67 2613 164 2721 pouit
202 2630 238 2703 in
271 2628 366 2705 Auia
396 2627 565 2723 Templi,
608 2627 645 2698 dc
677 2628 715 2699 in
738 2652 811 2725 quo
836 2626 882 2701 de

67 2728 202 2801 raximis
224 2727 359 2811 cauis,
392 2726 430 2799 δι
456 2727 571 2799 totius
594 2723 799 2823 reipublice
824 2748 884 2799 ne·

67 2826 167 3005 spis,
200 2846 310 2926 atque
345 2824 391 2900 de
416 2825 542 2924 capitis
567 2823 739 2924 supplicio
764 2828 885 2900 decer·

67 2943 202 3001 ratur.
288 2956 317 3001 e:
403 2940 411 2957 '
